<?xml version="1.0" encoding="UTF-8"?>
<!DOCTYPE html PUBLIC "-//W3C//DTD XHTML 1.0 Transitional//EN"
    "http://www.w3.org/TR/xhtml1/DTD/xhtml1-transitional.dtd">
<html xmlns="http://www.w3.org/1999/xhtml" xml:lang="en" lang="en">
 <head>
  <title>
</title>
<meta http-equiv="Content-Type" content="text/html;charset=utf-8" />
  <meta name='ocr-system' content='tesseract 3.04.00' />
  <meta name='ocr-capabilities' content='ocr_page ocr_carea ocr_par ocr_line ocrx_word'/>
</head>
<body>
  <div class='ocr_page' id='page_1' title='image "./regestadiplomat02copegoog_0232.png"; bbox 0 0 4532 5588; ppageno 0'>
   <div class='ocr_carea' id='block_1_1' title="bbox 236 331 1621 519">
    <p class='ocr_par' dir='ltr' id='par_1_1' title="bbox 236 331 1621 519">
     <span class='ocr_line' id='line_1_1' title="bbox 497 331 1621 464; baseline 0.044 -50"><span class='ocrx_word' id='word_1_1' title='bbox 497 331 609 418; x_wconf 84' lang='lat' dir='ltr'><strong>Kouo</strong></span> <span class='ocrx_word' id='word_1_2' title='bbox 637 349 875 431; x_wconf 81' lang='lat' dir='ltr'><strong>Cunrsrorrss</strong></span> <span class='ocrx_word' id='word_1_3' title='bbox 899 383 965 434; x_wconf 81' lang='lat' dir='ltr'><strong>nau</strong></span> <span class='ocrx_word' id='word_1_4' title='bbox 993 355 1121 441; x_wconf 75' lang='lat' dir='ltr'><strong>Annas.</strong></span> <span class='ocrx_word' id='word_1_5' title='bbox 1550 382 1621 464; x_wconf 77' lang='lat'><strong>225</strong></span> 
     </span>
     <span class='ocr_line' id='line_1_2' title="bbox 236 465 1292 519; baseline 0.045 -45"><span class='ocrx_word' id='word_1_6' title='bbox 236 465 1292 519; x_wconf 38' lang='lat' dir='ltr'><strong>---„*„„--*„-Q-</strong></span> 
     </span>
    </p>
   </div>
   <div class='ocr_carea' id='block_1_2' title="bbox 1298 516 1614 532">
    <p class='ocr_par' dir='ltr' id='par_1_2' title="bbox 1298 516 1614 532">
     <span class='ocr_line' id='line_1_3' title="bbox 1298 516 1614 532; baseline 0.009 -3"><span class='ocrx_word' id='word_1_7' title='bbox 1298 516 1614 532; x_wconf 52' lang='grc' dir='ltr'>Ἣ</span> 
     </span>
    </p>
   </div>
   <div class='ocr_carea' id='block_1_3' title="bbox 236 559 1816 725">
    <p class='ocr_par' dir='ltr' id='par_1_3' title="bbox 236 559 1816 725">
     <span class='ocr_line' id='line_1_4' title="bbox 236 559 1816 725; baseline 0.041 -71"><span class='ocrx_word' id='word_1_8' title='bbox 236 593 463 666; x_wconf 86' lang='lat' dir='ltr'><strong>Pacificatio</strong></span> <span class='ocrx_word' id='word_1_9' title='bbox 491 611 577 671; x_wconf 87' lang='lat' dir='ltr'><strong>inter</strong></span> <span class='ocrx_word' id='word_1_10' title='bbox 600 631 752 680; x_wconf 82' lang='lat' dir='ltr'><strong>crrrrsrsr</strong></span> <span class='ocrx_word' id='word_1_11' title='bbox 776 623 958 688; x_wconf 82' lang='lat' dir='ltr'><strong>Losrrsssso</strong></span> <span class='ocrx_word' id='word_1_12' title='bbox 982 638 1011 692; x_wconf 87' lang='lat' dir='ltr'><strong>ct</strong></span> <span class='ocrx_word' id='word_1_13' title='bbox 1029 631 1226 702; x_wconf 79' lang='lat' dir='ltr'><strong>Maronianus</strong></span> <span class='ocrx_word' id='word_1_14' title='bbox 1249 639 1286 699; x_wconf 87' lang='lat' dir='ltr'><strong>de</strong></span> <span class='ocrx_word' id='word_1_15' title='bbox 1304 641 1422 704; x_wconf 78' lang='lat' dir='ltr'><strong>Nissos</strong></span> <span class='ocrx_word' id='word_1_16' title='bbox 1446 650 1620 725; x_wconf 79' lang='lat' dir='ltr'>amicosque</span> <span class='ocrx_word' id='word_1_17' title='bbox 1654 559 1816 710; x_wconf 38' lang='lat' dir='ltr'><strong>iliglfflcar·</strong></span> 
     </span>
    </p>
   </div>
   <div class='ocr_carea' id='block_1_4' title="bbox 238 701 1620 819">
    <p class='ocr_par' dir='ltr' id='par_1_4' title="bbox 238 701 1620 819">
     <span class='ocr_line' id='line_1_5' title="bbox 238 701 1620 819; baseline 0.039 -65"><span class='ocrx_word' id='word_1_18' title='bbox 238 710 353 758; x_wconf 86' lang='lat' dir='ltr'><strong>orum</strong></span> <span class='ocrx_word' id='word_1_19' title='bbox 371 701 413 760; x_wconf 88' lang='lat' dir='ltr'><strong>in</strong></span> <span class='ocrx_word' id='word_1_20' title='bbox 430 705 498 766; x_wconf 88' lang='lat' dir='ltr'><strong>hac</strong></span> <span class='ocrx_word' id='word_1_21' title='bbox 513 715 746 788; x_wconf 78' lang='lat' dir='ltr'><strong>compositione</strong></span> <span class='ocrx_word' id='word_1_22' title='bbox 759 729 928 786; x_wconf 74' lang='lat' dir='ltr'><strong>contentari</strong></span> <span class='ocrx_word' id='word_1_23' title='bbox 939 729 1076 804; x_wconf 87' lang='lat' dir='ltr'><strong>noluerit,</strong></span> <span class='ocrx_word' id='word_1_24' title='bbox 1094 731 1266 796; x_wconf 78' lang='lat' dir='ltr'><strong>Gherarclus</strong></span> <span class='ocrx_word' id='word_1_25' title='bbox 1276 743 1305 796; x_wconf 87' lang='lat' dir='ltr'><strong>et</strong></span> <span class='ocrx_word' id='word_1_26' title='bbox 1315 738 1480 819; x_wconf 78' lang='lat' dir='ltr'><strong>lohannes,</strong></span> <span class='ocrx_word' id='word_1_27' title='bbox 1494 749 1620 808; x_wconf 79' lang='lat' dir='ltr'><strong>comites</strong></span> 
     </span>
    </p>
   </div>
   <div class='ocr_carea' id='block_1_5' title="bbox 236 801 1620 912">
    <p class='ocr_par' dir='ltr' id='par_1_5' title="bbox 236 801 1620 912">
     <span class='ocr_line' id='line_1_6' title="bbox 236 801 1620 912; baseline 0.039 -60"><span class='ocrx_word' id='word_1_28' title='bbox 236 812 303 854; x_wconf 89' lang='lat' dir='ltr'><strong>ron</strong></span> <span class='ocrx_word' id='word_1_29' title='bbox 334 801 374 858; x_wconf 90' lang='lat' dir='ltr'><strong>in</strong></span> <span class='ocrx_word' id='word_1_30' title='bbox 406 807 487 864; x_wconf 88' lang='lat' dir='ltr'><strong>suis</strong></span> <span class='ocrx_word' id='word_1_31' title='bbox 513 807 679 888; x_wconf 86' lang='lat' dir='ltr'><strong>dominiis,</strong></span> <span class='ocrx_word' id='word_1_32' title='bbox 710 832 809 894; x_wconf 85' lang='lat' dir='ltr'><strong>neque</strong></span> <span class='ocrx_word' id='word_1_33' title='bbox 832 822 862 879; x_wconf 91' lang='lat' dir='ltr'><strong>in</strong></span> <span class='ocrx_word' id='word_1_34' title='bbox 880 822 970 884; x_wconf 84' lang='lat' dir='ltr'><strong>Dacia</strong></span> <span class='ocrx_word' id='word_1_35' title='bbox 992 843 1088 902; x_wconf 85' lang='lat' dir='ltr'><strong>neque</strong></span> <span class='ocrx_word' id='word_1_36' title='bbox 1111 831 1139 888; x_wconf 88' lang='lat' dir='ltr'><strong>in</strong></span> <span class='ocrx_word' id='word_1_37' title='bbox 1163 830 1331 912; x_wconf 84' lang='lat' dir='ltr'><strong>iloltzacia,</strong></span> <span class='ocrx_word' id='word_1_38' title='bbox 1360 842 1562 904; x_wconf 73' lang='lat' dir='ltr'><strong>sustinebunt„</strong></span> <span class='ocrx_word' id='word_1_39' title='bbox 1580 877 1620 889; x_wconf 90' lang='lat'>—</span> 
     </span>
    </p>
   </div>
   <div class='ocr_carea' id='block_1_6' title="bbox 236 893 1494 1069">
    <p class='ocr_par' dir='ltr' id='par_1_6' title="bbox 236 893 1494 1069">
     <span class='ocr_line' id='line_1_7' title="bbox 239 893 1494 1006; baseline 0.039 -55"><span class='ocrx_word' id='word_1_40' title='bbox 239 893 410 968; x_wconf 76' lang='lat' dir='ltr'><strong>fraimm</strong></span> <span class='ocrx_word' id='word_1_41' title='bbox 439 909 611 984; x_wconf 69' lang='lat' dir='ltr'><strong>minorum,</strong></span> <span class='ocrx_word' id='word_1_42' title='bbox 636 913 667 970; x_wconf 89' lang='lat' dir='ltr'><strong>in</strong></span> <span class='ocrx_word' id='word_1_43' title='bbox 692 913 740 972; x_wconf 89' lang='lat' dir='ltr'><strong>die</strong></span> <span class='ocrx_word' id='word_1_44' title='bbox 764 915 883 978; x_wconf 84' lang='lat' dir='ltr'><strong>Fabiani</strong></span> <span class='ocrx_word' id='word_1_45' title='bbox 907 927 936 980; x_wconf 89' lang='lat' dir='ltr'><strong>et</strong></span> <span class='ocrx_word' id='word_1_46' title='bbox 958 923 1122 987; x_wconf 86' lang='lat' dir='ltr'><strong>Sebastiani</strong></span> <span class='ocrx_word' id='word_1_47' title='bbox 1144 935 1305 1006; x_wconf 81' lang='lat' dir='ltr'><strong>martyrum</strong></span> <span class='ocrx_word' id='word_1_48' title='bbox 1328 934 1494 999; x_wconf 82' lang='lat' dir='ltr'><strong>beatorum.</strong></span> 
     </span>
     <span class='ocr_line' id='line_1_8' title="bbox 236 992 914 1069; baseline 0.037 -28"><span class='ocrx_word' id='word_1_49' title='bbox 236 992 451 1050; x_wconf 83' lang='lat' dir='ltr'><strong>Urkundenh.</strong></span> <span class='ocrx_word' id='word_1_50' title='bbox 477 1002 503 1051; x_wconf 86' lang='lat' dir='ltr'><strong>d.</strong></span> <span class='ocrx_word' id='word_1_51' title='bbox 525 1005 603 1056; x_wconf 77' lang='lat' dir='ltr'><strong>Statii</strong></span> <span class='ocrx_word' id='word_1_52' title='bbox 620 1007 728 1060; x_wconf 81' lang='lat' dir='ltr'><strong>Lobeelr</strong></span> <span class='ocrx_word' id='word_1_53' title='bbox 745 1013 774 1063; x_wconf 91' lang='lat' dir='ltr'><strong>ll.</strong></span> <span class='ocrx_word' id='word_1_54' title='bbox 792 1013 914 1069; x_wconf 85' lang='grc'>475-76.</span> 
     </span>
    </p>
   </div>
   <div class='ocr_carea' id='block_1_7' title="bbox 236 1125 1780 1438">
    <p class='ocr_par' dir='ltr' id='par_1_7' title="bbox 236 1125 1780 1438">
     <span class='ocr_line' id='line_1_9' title="bbox 236 1125 1780 1232; baseline 0.028 -46"><span class='ocrx_word' id='word_1_55' title='bbox 236 1125 469 1193; x_wconf 80' lang='lat' dir='ltr'><strong>Lsonsscrns</strong></span> <span class='ocrx_word' id='word_1_56' title='bbox 494 1135 632 1200; x_wconf 71' lang='lat' dir='ltr'><strong>lassa-os</strong></span> <span class='ocrx_word' id='word_1_57' title='bbox 657 1143 746 1202; x_wconf 89' lang='lat' dir='ltr'><strong>miles</strong></span> <span class='ocrx_word' id='word_1_58' title='bbox 769 1144 915 1223; x_wconf 87' lang='lat' dir='ltr'><strong>declarat,</strong></span> <span class='ocrx_word' id='word_1_59' title='bbox 945 1167 978 1210; x_wconf 89' lang='lat' dir='ltr'><strong>se</strong></span> <span class='ocrx_word' id='word_1_60' title='bbox 999 1168 1066 1210; x_wconf 90' lang='lat' dir='ltr'><strong>cum</strong></span> <span class='ocrx_word' id='word_1_61' title='bbox 1090 1153 1243 1215; x_wconf 80' lang='lat' dir='ltr'><strong>Gerhardo</strong></span> <span class='ocrx_word' id='word_1_62' title='bbox 1271 1161 1394 1224; x_wconf 89' lang='lat' dir='ltr'><strong>domino</strong></span> <span class='ocrx_word' id='word_1_63' title='bbox 1417 1167 1554 1229; x_wconf 85' lang='lat' dir='ltr'><strong>iiolsucio</strong></span> <span class='ocrx_word' id='word_1_64' title='bbox 1582 1189 1617 1232; x_wconf 85' lang='lat' dir='ltr'><strong>ex</strong></span> <span class='ocrx_word' id='word_1_65' title='bbox 1650 1178 1674 1229; x_wconf 87' lang='lat'><strong>3.</strong></span> <span class='ocrx_word' id='word_1_66' title='bbox 1692 1180 1780 1230; x_wconf 76' lang='lat' dir='ltr'><strong>soror.</strong></span> 
     </span>
     <span class='ocr_line' id='line_1_10' title="bbox 239 1225 1616 1330; baseline 0.034 -47"><span class='ocrx_word' id='word_1_67' title='bbox 239 1225 354 1286; x_wconf 83' lang='lat' dir='ltr'><strong>ducis</strong></span> <span class='ocrx_word' id='word_1_68' title='bbox 379 1229 486 1292; x_wconf 88' lang='lat' dir='ltr'><strong>Jucie</strong></span> <span class='ocrx_word' id='word_1_69' title='bbox 507 1239 723 1300; x_wconf 80' lang='lat' dir='ltr'><strong>concordasse</strong></span> <span class='ocrx_word' id='word_1_70' title='bbox 744 1249 774 1302; x_wconf 91' lang='lat' dir='ltr'><strong>et</strong></span> <span class='ocrx_word' id='word_1_71' title='bbox 790 1244 918 1305; x_wconf 81' lang='lat' dir='ltr'><strong>arbitros</strong></span> <span class='ocrx_word' id='word_1_72' title='bbox 935 1247 971 1307; x_wconf 88' lang='lat' dir='ltr'><strong>de</strong></span> <span class='ocrx_word' id='word_1_73' title='bbox 989 1255 1067 1308; x_wconf 86' lang='lat' dir='ltr'><strong>terra</strong></span> <span class='ocrx_word' id='word_1_74' title='bbox 1082 1251 1264 1327; x_wconf 83' lang='lat' dir='ltr'><strong>Langlandia</strong></span> <span class='ocrx_word' id='word_1_75' title='bbox 1281 1259 1447 1323; x_wconf 89' lang='lat' dir='ltr'><strong>ordinanda</strong></span> <span class='ocrx_word' id='word_1_76' title='bbox 1462 1267 1616 1330; x_wconf 80' lang='lat' dir='ltr'><strong>dominum</strong></span> 
     </span>
     <span class='ocr_line' id='line_1_11' title="bbox 236 1327 1616 1438; baseline 0.03 -54"><span class='ocrx_word' id='word_1_77' title='bbox 236 1331 271 1384; x_wconf 85' lang='lat' dir='ltr'><strong>ct</strong></span> <span class='ocrx_word' id='word_1_78' title='bbox 306 1327 502 1392; x_wconf 85' lang='lat' dir='ltr'><strong>dominum</strong></span> <span class='ocrx_word' id='word_1_79' title='bbox 537 1335 613 1395; x_wconf 80' lang='lat' dir='ltr'><strong>Abel</strong></span> <span class='ocrx_word' id='word_1_80' title='bbox 644 1340 774 1416; x_wconf 86' lang='lat' dir='ltr'><strong>milites,</strong></span> <span class='ocrx_word' id='word_1_81' title='bbox 808 1343 1004 1405; x_wconf 86' lang='lat' dir='ltr'><strong>Lourenoium</strong></span> <span class='ocrx_word' id='word_1_82' title='bbox 1033 1347 1176 1423; x_wconf 83' lang='lat' dir='ltr'><strong>Thrugoil</strong></span> <span class='ocrx_word' id='word_1_83' title='bbox 1203 1359 1235 1412; x_wconf 92' lang='lat' dir='ltr'><strong>et</strong></span> <span class='ocrx_word' id='word_1_84' title='bbox 1261 1355 1429 1420; x_wconf 78' lang='lat' dir='ltr'><strong>iohannem</strong></span> <span class='ocrx_word' id='word_1_85' title='bbox 1457 1363 1616 1438; x_wconf 84' lang='lat' dir='ltr'><strong>llyoroson</strong></span> 
     </span>
    </p>
   </div>
   <div class='ocr_carea' id='block_1_8' title="bbox 236 1429 1614 1611">
    <p class='ocr_par' dir='ltr' id='par_1_8' title="bbox 236 1429 1614 1611">
     <span class='ocr_line' id='line_1_12' title="bbox 236 1429 1614 1526; baseline 0.03 -43"><span class='ocrx_word' id='word_1_86' title='bbox 236 1441 309 1502; x_wconf 77' lang='lat' dir='ltr'><strong>ise;</strong></span> <span class='ocrx_word' id='word_1_87' title='bbox 354 1429 563 1493; x_wconf 86' lang='lat' dir='ltr'><strong>Gcrhardus</strong></span> <span class='ocrx_word' id='word_1_88' title='bbox 592 1452 701 1496; x_wconf 88' lang='lat' dir='ltr'><strong>comes</strong></span> <span class='ocrx_word' id='word_1_89' title='bbox 730 1444 838 1498; x_wconf 87' lang='lat' dir='ltr'><strong>terram</strong></span> <span class='ocrx_word' id='word_1_90' title='bbox 869 1441 948 1500; x_wconf 85' lang='lat' dir='ltr'><strong>Errie</strong></span> <span class='ocrx_word' id='word_1_91' title='bbox 977 1444 1032 1502; x_wconf 87' lang='lat' dir='ltr'><strong>sub</strong></span> <span class='ocrx_word' id='word_1_92' title='bbox 1059 1447 1145 1507; x_wconf 88' lang='lat' dir='ltr'><strong>titulo</strong></span> <span class='ocrx_word' id='word_1_93' title='bbox 1171 1451 1307 1526; x_wconf 80' lang='lat' dir='ltr'><strong>pignoris</strong></span> <span class='ocrx_word' id='word_1_94' title='bbox 1337 1458 1461 1519; x_wconf 84' lang='lat' dir='ltr'><strong>obtinet.</strong></span> <span class='ocrx_word' id='word_1_95' title='bbox 1493 1497 1532 1504; x_wconf 98' lang='lat'>—</span> <span class='ocrx_word' id='word_1_96' title='bbox 1561 1465 1614 1524; x_wconf 90' lang='lat' dir='ltr'><strong>ilie</strong></span> 
     </span>
     <span class='ocr_line' id='line_1_13' title="bbox 236 1528 749 1611; baseline 0.023 -29"><span class='ocrx_word' id='word_1_97' title='bbox 236 1529 367 1586; x_wconf 85' lang='lat' dir='ltr'><strong>utatur</strong></span> <span class='ocrx_word' id='word_1_98' title='bbox 396 1528 502 1589; x_wconf 88' lang='lat' dir='ltr'><strong>Oculi</strong></span> <span class='ocrx_word' id='word_1_99' title='bbox 528 1533 592 1591; x_wconf 87' lang='lat' dir='ltr'><strong>mai</strong></span> <span class='ocrx_word' id='word_1_100' title='bbox 615 1550 749 1611; x_wconf 87' lang='lat' dir='ltr'><strong>semper.</strong></span> 
     </span>
    </p>
   </div>
   <div class='ocr_carea' id='block_1_9' title="bbox 236 1623 1612 1716">
    <p class='ocr_par' dir='ltr' id='par_1_9' title="bbox 236 1623 1612 1716">
     <span class='ocr_line' id='line_1_14' title="bbox 236 1623 1612 1716; baseline 0.029 -45"><span class='ocrx_word' id='word_1_101' title='bbox 236 1623 409 1683; x_wconf 80' lang='lat' dir='ltr'><strong>Stemann,</strong></span> <span class='ocrx_word' id='word_1_102' title='bbox 433 1627 602 1679; x_wconf 82' lang='lat' dir='ltr'><strong>Geschlchts</strong></span> <span class='ocrx_word' id='word_1_103' title='bbox 620 1630 644 1679; x_wconf 87' lang='lat' dir='ltr'><strong>d.</strong></span> <span class='ocrx_word' id='word_1_104' title='bbox 663 1633 831 1684; x_wconf 78' lang='lat' dir='ltr'><strong>oliaotllohen</strong></span> <span class='ocrx_word' id='word_1_105' title='bbox 846 1650 870 1685; x_wconf 92' lang='lat' dir='ltr'><strong>n.</strong></span> <span class='ocrx_word' id='word_1_106' title='bbox 886 1637 1073 1690; x_wconf 73' lang='lat' dir='ltr'><strong>Prisci-Rechts</strong></span> <span class='ocrx_word' id='word_1_107' title='bbox 1091 1641 1113 1690; x_wconf 81' lang='lat' dir='ltr'><strong>tl.</strong></span> <span class='ocrx_word' id='word_1_108' title='bbox 1128 1643 1311 1706; x_wconf 78' lang='lat' dir='ltr'><strong>ilerrogthnms</strong></span> <span class='ocrx_word' id='word_1_109' title='bbox 1326 1651 1464 1716; x_wconf 79' lang='lat' dir='ltr'><strong>Schisswtg</strong></span> <span class='ocrx_word' id='word_1_110' title='bbox 1484 1657 1521 1706; x_wconf 87' lang='lat' dir='ltr'><strong>lll.</strong></span> <span class='ocrx_word' id='word_1_111' title='bbox 1539 1659 1612 1711; x_wconf 80' lang='lat'><strong>3-4.</strong></span> 
     </span>
    </p>
   </div>
   <div class='ocr_carea' id='block_1_10' title="bbox 236 1731 1792 2032">
    <p class='ocr_par' dir='ltr' id='par_1_10' title="bbox 236 1731 1792 2032">
     <span class='ocr_line' id='line_1_15' title="bbox 238 1731 1792 1866; baseline 0.025 -54"><span class='ocrx_word' id='word_1_112' title='bbox 238 1753 351 1830; x_wconf 83' lang='lat' dir='ltr'><strong>Kong</strong></span> <span class='ocrx_word' id='word_1_113' title='bbox 395 1731 622 1822; x_wconf 81' lang='lat' dir='ltr'><strong>Gnarsrorrss</strong></span> <span class='ocrx_word' id='word_1_114' title='bbox 659 1765 810 1840; x_wconf 77' lang='lat' dir='ltr'><strong>sijonker</strong></span> <span class='ocrx_word' id='word_1_115' title='bbox 841 1768 893 1826; x_wconf 87' lang='lat' dir='ltr'><strong>ilr.</strong></span> <span class='ocrx_word' id='word_1_116' title='bbox 927 1771 968 1828; x_wconf 83' lang='lat' dir='ltr'><strong>sti</strong></span> <span class='ocrx_word' id='word_1_117' title='bbox 1002 1772 1174 1832; x_wconf 77' lang='lat' dir='ltr'><strong>Andcrssan</strong></span> <span class='ocrx_word' id='word_1_118' title='bbox 1207 1775 1332 1838; x_wconf 87' lang='lat' dir='ltr'><strong>Bonden</strong></span> <span class='ocrx_word' id='word_1_119' title='bbox 1367 1783 1477 1845; x_wconf 87' lang='lat' dir='ltr'><strong>lllichel</strong></span> <span class='ocrx_word' id='word_1_120' title='bbox 1510 1789 1612 1866; x_wconf 89' lang='lat' dir='ltr'><strong>Wrips</strong></span> <span class='ocrx_word' id='word_1_121' title='bbox 1647 1799 1685 1848; x_wconf 93' lang='lat'><strong>10.</strong></span> <span class='ocrx_word' id='word_1_122' title='bbox 1705 1801 1792 1851; x_wconf 79' lang='lat' dir='ltr'><strong>sanir.</strong></span> 
     </span>
     <span class='ocr_line' id='line_1_16' title="bbox 236 1856 1042 1940; baseline 0.021 -29"><span class='ocrx_word' id='word_1_123' title='bbox 236 1887 282 1898; x_wconf 88' lang='grc'>-</span> <span class='ocrx_word' id='word_1_124' title='bbox 313 1856 457 1934; x_wconf 66' lang='lat' dir='ltr'><strong>mom,</strong></span> <span class='ocrx_word' id='word_1_125' title='bbox 484 1859 647 1920; x_wconf 86' lang='lat' dir='ltr'><strong>dominica</strong></span> <span class='ocrx_word' id='word_1_126' title='bbox 669 1863 769 1922; x_wconf 90' lang='lat' dir='ltr'><strong>media</strong></span> <span class='ocrx_word' id='word_1_127' title='bbox 791 1865 1042 1940; x_wconf 77' lang='lat' dir='ltr'><strong>Quadragesimae.</strong></span> 
     </span>
     <span class='ocr_line' id='line_1_17' title="bbox 237 1953 1237 2032; baseline 0.016 -30"><span class='ocrx_word' id='word_1_128' title='bbox 237 1953 307 2004; x_wconf 82' lang='lat' dir='ltr'><strong>Udi.</strong></span> <span class='ocrx_word' id='word_1_129' title='bbox 332 1957 343 2003; x_wconf 92' lang='lat' dir='ltr'><strong>l</strong></span> <span class='ocrx_word' id='word_1_130' title='bbox 369 1956 522 2016; x_wconf 80' lang='lat' dir='ltr'><strong>ilvltieldt,</strong></span> <span class='ocrx_word' id='word_1_131' title='bbox 542 1957 636 2007; x_wconf 85' lang='lat' dir='ltr'><strong>Duum.</strong></span> <span class='ocrx_word' id='word_1_132' title='bbox 656 1958 732 2021; x_wconf 73' lang='lat' dir='ltr'><strong>lllges</strong></span> <span class='ocrx_word' id='word_1_133' title='bbox 750 1961 826 2011; x_wconf 78' lang='lat' dir='ltr'><strong>Krso.</strong></span> <span class='ocrx_word' id='word_1_134' title='bbox 845 1965 869 2011; x_wconf 83' lang='lat' dir='ltr'><strong>S.</strong></span> <span class='ocrx_word' id='word_1_135' title='bbox 884 1963 933 2014; x_wconf 66' lang='lat'><strong>454</strong></span> <span class='ocrx_word' id='word_1_136' title='bbox 950 1963 1093 2028; x_wconf 77' lang='lat' dir='ltr'><strong>(llrsrtudg.</strong></span> <span class='ocrx_word' id='word_1_137' title='bbox 1114 1967 1237 2032; x_wconf 68' lang='grc'>111385).</span> 
     </span>
    </p>
   </div>
   <div class='ocr_carea' id='block_1_11' title="bbox 239 2087 1790 2350">
    <p class='ocr_par' dir='ltr' id='par_1_11' title="bbox 239 2087 1790 2350">
     <span class='ocr_line' id='line_1_18' title="bbox 240 2087 1790 2176; baseline 0.021 -32"><span class='ocrx_word' id='word_1_138' title='bbox 240 2087 449 2164; x_wconf 75' lang='lat' dir='ltr'><strong>lorissense,</strong></span> <span class='ocrx_word' id='word_1_139' title='bbox 479 2090 654 2167; x_wconf 89' lang='lat' dir='ltr'><strong>episcopus</strong></span> <span class='ocrx_word' id='word_1_140' title='bbox 679 2091 905 2169; x_wconf 83' lang='lat' dir='ltr'><strong>ilosilldensis‚</strong></span> <span class='ocrx_word' id='word_1_141' title='bbox 935 2096 1084 2171; x_wconf 84' lang='lat' dir='ltr'><strong>privilegia</strong></span> <span class='ocrx_word' id='word_1_142' title='bbox 1105 2101 1234 2176; x_wconf 86' lang='lat' dir='ltr'><strong>capitulo</strong></span> <span class='ocrx_word' id='word_1_143' title='bbox 1257 2103 1401 2165; x_wconf 74' lang='lat' dir='ltr'><strong>ilamensi</strong></span> <span class='ocrx_word' id='word_1_144' title='bbox 1423 2117 1511 2169; x_wconf 87' lang='lat' dir='ltr'><strong>antea</strong></span> <span class='ocrx_word' id='word_1_145' title='bbox 1533 2131 1608 2174; x_wconf 91' lang='lat' dir='ltr'><strong>con·</strong></span> <span class='ocrx_word' id='word_1_146' title='bbox 1644 2123 1682 2174; x_wconf 84' lang='grc'><strong>13.</strong></span> <span class='ocrx_word' id='word_1_147' title='bbox 1702 2126 1790 2176; x_wconf 84' lang='lat' dir='ltr'><strong>llsrtli.</strong></span> 
     </span>
     <span class='ocr_line' id='line_1_19' title="bbox 248 2187 1083 2271; baseline 0.011 -26"><span class='ocrx_word' id='word_1_148' title='bbox 248 2219 298 2230; x_wconf 89' lang='lat'><strong>-—</strong></span> <span class='ocrx_word' id='word_1_149' title='bbox 327 2187 541 2264; x_wconf 80' lang='lat' dir='ltr'><strong>Hyoriliolm,</strong></span> <span class='ocrx_word' id='word_1_150' title='bbox 566 2189 598 2247; x_wconf 94' lang='lat' dir='ltr'><strong>in</strong></span> <span class='ocrx_word' id='word_1_151' title='bbox 622 2191 758 2250; x_wconf 88' lang='lat' dir='ltr'><strong>crastino</strong></span> <span class='ocrx_word' id='word_1_152' title='bbox 780 2191 809 2250; x_wconf 87' lang='lat' dir='ltr'><strong>b.</strong></span> <span class='ocrx_word' id='word_1_153' title='bbox 834 2193 968 2266; x_wconf 78' lang='lat' dir='ltr'><strong>Gregorii</strong></span> <span class='ocrx_word' id='word_1_154' title='bbox 990 2211 1083 2271; x_wconf 78' lang='lat' dir='ltr'><strong>papa.</strong></span> 
     </span>
     <span class='ocr_line' id='line_1_20' title="bbox 239 2285 1037 2350; baseline 0.01 -15"><span class='ocrx_word' id='word_1_155' title='bbox 239 2285 274 2335; x_wconf 91' lang='lat'><strong>0.</strong></span> <span class='ocrx_word' id='word_1_156' title='bbox 298 2286 440 2342; x_wconf 78' lang='lat' dir='ltr'><strong>Nlelsen,</strong></span> <span class='ocrx_word' id='word_1_157' title='bbox 462 2285 653 2344; x_wconf 76' lang='lat' dir='ltr'><strong>illabenlravns</strong></span> <span class='ocrx_word' id='word_1_158' title='bbox 672 2287 881 2350; x_wconf 82' lang='lat' dir='ltr'><strong>lllplomatsrlom</strong></span> <span class='ocrx_word' id='word_1_159' title='bbox 898 2290 916 2338; x_wconf 90' lang='lat' dir='ltr'><strong>l.</strong></span> <span class='ocrx_word' id='word_1_160' title='bbox 935 2290 1037 2342; x_wconf 71' lang='lat' dir='ltr'><strong>ia-ia</strong></span> 
     </span>
    </p>
   </div>
   <div class='ocr_carea' id='block_1_12' title="bbox 236 2417 1787 2599">
    <p class='ocr_par' dir='ltr' id='par_1_12' title="bbox 236 2417 1787 2599">
     <span class='ocr_line' id='line_1_21' title="bbox 243 2417 1787 2518; baseline 0.017 -42"><span class='ocrx_word' id='word_1_161' title='bbox 243 2417 433 2493; x_wconf 71' lang='lat' dir='ltr'><strong>liscowe,</strong></span> <span class='ocrx_word' id='word_1_162' title='bbox 465 2418 729 2494; x_wconf 83' lang='lat' dir='ltr'><strong>archiepiscopus</strong></span> <span class='ocrx_word' id='word_1_163' title='bbox 758 2420 942 2495; x_wconf 84' lang='lat' dir='ltr'><strong>Lundeusis,</strong></span> <span class='ocrx_word' id='word_1_164' title='bbox 971 2421 1056 2482; x_wconf 88' lang='lat' dir='ltr'><strong>Petro</strong></span> <span class='ocrx_word' id='word_1_165' title='bbox 1079 2423 1238 2502; x_wconf 79' lang='lat' dir='ltr'><strong>ileigonis,</strong></span> <span class='ocrx_word' id='word_1_166' title='bbox 1269 2434 1417 2492; x_wconf 87' lang='lat' dir='ltr'><strong>canonico</strong></span> <span class='ocrx_word' id='word_1_167' title='bbox 1441 2435 1604 2518; x_wconf 76' lang='lat' dir='ltr'><strong>condensi,</strong></span> <span class='ocrx_word' id='word_1_168' title='bbox 1641 2449 1680 2499; x_wconf 83' lang='grc'><strong>14.</strong></span> <span class='ocrx_word' id='word_1_169' title='bbox 1698 2451 1787 2503; x_wconf 70' lang='lat' dir='ltr'><strong>nonii.</strong></span> 
     </span>
     <span class='ocr_line' id='line_1_22' title="bbox 236 2515 1604 2599; baseline 0.016 -24"><span class='ocrx_word' id='word_1_170' title='bbox 236 2515 352 2592; x_wconf 79' lang='lat' dir='ltr'><strong>cndoe,</strong></span> <span class='ocrx_word' id='word_1_171' title='bbox 383 2533 490 2591; x_wconf 86' lang='lat' dir='ltr'><strong>quam</strong></span> <span class='ocrx_word' id='word_1_172' title='bbox 516 2531 603 2574; x_wconf 91' lang='lat' dir='ltr'><strong>nunc</strong></span> <span class='ocrx_word' id='word_1_173' title='bbox 628 2517 720 2575; x_wconf 85' lang='lat' dir='ltr'><strong>habet</strong></span> <span class='ocrx_word' id='word_1_174' title='bbox 741 2519 771 2574; x_wconf 90' lang='lat' dir='ltr'><strong>in</strong></span> <span class='ocrx_word' id='word_1_175' title='bbox 795 2517 909 2576; x_wconf 85' lang='lat' dir='ltr'><strong>Skonar</strong></span> <span class='ocrx_word' id='word_1_176' title='bbox 930 2525 959 2577; x_wconf 87' lang='lat' dir='ltr'><strong>ct</strong></span> <span class='ocrx_word' id='word_1_177' title='bbox 980 2519 1192 2599; x_wconf 83' lang='lat' dir='ltr'><strong>Falsterbotire,</strong></span> <span class='ocrx_word' id='word_1_178' title='bbox 1215 2526 1374 2586; x_wconf 81' lang='lat' dir='ltr'><strong>ecelesiam</strong></span> <span class='ocrx_word' id='word_1_179' title='bbox 1397 2533 1427 2588; x_wconf 88' lang='lat' dir='ltr'><strong>ln</strong></span> <span class='ocrx_word' id='word_1_180' title='bbox 1447 2536 1604 2598; x_wconf 76' lang='lat' dir='ltr'><strong>Arestathe</strong></span> 
     </span>
    </p>
   </div>
   <div class='ocr_carea' id='block_1_13' title="bbox 236 2615 1306 2688">
    <p class='ocr_par' dir='ltr' id='par_1_13' title="bbox 236 2615 1306 2688">
     <span class='ocr_line' id='line_1_23' title="bbox 236 2615 1306 2688; baseline 0.007 -14"><span class='ocrx_word' id='word_1_181' title='bbox 236 2617 371 2674; x_wconf 83' lang='lat' dir='ltr'><strong>exisse.</strong></span> <span class='ocrx_word' id='word_1_182' title='bbox 402 2649 449 2660; x_wconf 85' lang='lat'>-</span> <span class='ocrx_word' id='word_1_183' title='bbox 479 2615 608 2686; x_wconf 74' lang='lat' dir='ltr'><strong>cunno,</strong></span> <span class='ocrx_word' id='word_1_184' title='bbox 633 2615 708 2672; x_wconf 79' lang='lat' dir='ltr'><strong>teria</strong></span> <span class='ocrx_word' id='word_1_185' title='bbox 731 2617 833 2688; x_wconf 77' lang='lat' dir='ltr'><strong>qllinto</strong></span> <span class='ocrx_word' id='word_1_186' title='bbox 854 2622 921 2675; x_wconf 84' lang='lat' dir='ltr'><strong>anic</strong></span> <span class='ocrx_word' id='word_1_187' title='bbox 944 2617 1120 2676; x_wconf 88' lang='lat' dir='ltr'><strong>dominicam</strong></span> <span class='ocrx_word' id='word_1_188' title='bbox 1143 2619 1306 2682; x_wconf 87' lang='lat' dir='ltr'><strong>Passionis.</strong></span> 
     </span>
    </p>
   </div>
   <div class='ocr_carea' id='block_1_14' title="bbox 241 2711 1604 2847">
    <p class='ocr_par' dir='ltr' id='par_1_14' title="bbox 241 2711 1604 2847">
     <span class='ocr_line' id='line_1_24' title="bbox 243 2711 1604 2787; baseline 0.013 -21"><span class='ocrx_word' id='word_1_189' title='bbox 243 2715 322 2778; x_wconf 78' lang='lat' dir='ltr'><strong>liipl.</strong></span> <span class='ocrx_word' id='word_1_190' title='bbox 350 2720 488 2770; x_wconf 76' lang='lat' dir='ltr'><strong>soccum..</strong></span> <span class='ocrx_word' id='word_1_191' title='bbox 518 2712 559 2762; x_wconf 80' lang='lat' dir='ltr'><strong>cll.</strong></span> <span class='ocrx_word' id='word_1_192' title='bbox 590 2713 617 2760; x_wconf 88' lang='lat' dir='ltr'><strong>B.</strong></span> <span class='ocrx_word' id='word_1_193' title='bbox 636 2711 664 2760; x_wconf 83' lang='grc' dir='ltr'><strong>Ε.</strong></span> <span class='ocrx_word' id='word_1_194' title='bbox 684 2712 836 2762; x_wconf 83' lang='lat' dir='ltr'><strong>illidonrsnc</strong></span> <span class='ocrx_word' id='word_1_195' title='bbox 863 2713 899 2761; x_wconf 91' lang='lat' dir='ltr'><strong>lll.</strong></span> <span class='ocrx_word' id='word_1_196' title='bbox 925 2713 1061 2766; x_wconf 74' lang='lat' dir='ltr'><strong>sol-atis.</strong></span> <span class='ocrx_word' id='word_1_197' title='bbox 1105 2716 1202 2775; x_wconf 70' lang='lat' dir='ltr'><strong>noller,</strong></span> <span class='ocrx_word' id='word_1_198' title='bbox 1230 2719 1470 2787; x_wconf 77' lang='lat' dir='ltr'><strong>Foru-ilnndllogsr</strong></span> <span class='ocrx_word' id='word_1_199' title='bbox 1495 2732 1604 2784; x_wconf 74' lang='lat' dir='ltr'><strong>lomois</strong></span> 
     </span>
     <span class='ocr_line' id='line_1_25' title="bbox 241 2795 562 2847; baseline -0.009 -1"><span class='ocrx_word' id='word_1_200' title='bbox 241 2798 373 2847; x_wconf 84' lang='lat' dir='ltr'><strong>lislland</strong></span> <span class='ocrx_word' id='word_1_201' title='bbox 396 2801 427 2846; x_wconf 81' lang='lat' dir='ltr'><strong>s,</strong></span> <span class='ocrx_word' id='word_1_202' title='bbox 444 2795 562 2847; x_wconf 77' lang='grc'>61-62,</span> 
     </span>
    </p>
   </div>
   <div class='ocr_carea' id='block_1_15' title="bbox 236 2925 1741 3216">
    <p class='ocr_par' dir='ltr' id='par_1_15' title="bbox 236 2925 1741 3216">
     <span class='ocr_line' id='line_1_26' title="bbox 244 2925 1741 3028; baseline -0.005 -39"><span class='ocrx_word' id='word_1_203' title='bbox 244 2931 425 2991; x_wconf 79' lang='lat' dir='ltr'><strong>Joussnss</strong></span> <span class='ocrx_word' id='word_1_204' title='bbox 458 2927 616 3002; x_wconf 77' lang='lat' dir='ltr'><strong>tXlilldus)</strong></span> <span class='ocrx_word' id='word_1_205' title='bbox 651 2942 729 3003; x_wconf 82' lang='lat' dir='ltr'><strong>papa</strong></span> <span class='ocrx_word' id='word_1_206' title='bbox 756 2925 960 3002; x_wconf 88' lang='lat' dir='ltr'><strong>interdictum,</strong></span> <span class='ocrx_word' id='word_1_207' title='bbox 993 2929 1041 2986; x_wconf 90' lang='lat' dir='ltr'><strong>eui</strong></span> <span class='ocrx_word' id='word_1_208' title='bbox 1069 2944 1193 3002; x_wconf 81' lang='lat' dir='ltr'><strong>regnum</strong></span> <span class='ocrx_word' id='word_1_209' title='bbox 1222 2932 1313 2992; x_wconf 81' lang='lat' dir='ltr'><strong>[latiae</strong></span> <span class='ocrx_word' id='word_1_210' title='bbox 1342 2943 1465 3028; x_wconf 54' lang='lat' dir='ltr'><strong>propter</strong></span> <span class='ocrx_word' id='word_1_211' title='bbox 1497 2951 1601 3020; x_wconf 56' lang='lat' dir='ltr'><strong>cappa.</strong></span> <span class='ocrx_word' id='word_1_212' title='bbox 1620 2953 1659 3004; x_wconf 65' lang='lat'><strong>,2</strong></span> <span class='ocrx_word' id='word_1_213' title='bbox 1677 2957 1741 3016; x_wconf 59' lang='lat' dir='ltr'><strong>m</strong></span> 
     </span>
     <span class='ocr_line' id='line_1_27' title="bbox 236 3023 1600 3119; baseline 0.009 -31"><span class='ocrx_word' id='word_1_214' title='bbox 236 3049 240 3088; x_wconf 83' lang='lat' dir='ltr'><strong>l</strong></span> <span class='ocrx_word' id='word_1_215' title='bbox 282 3030 451 3108; x_wconf 84' lang='lat' dir='ltr'><strong>episcopi</strong></span> <span class='ocrx_word' id='word_1_216' title='bbox 484 3026 711 3100; x_wconf 83' lang='lat' dir='ltr'><strong>Burglonsnsls</strong></span> <span class='ocrx_word' id='word_1_217' title='bbox 741 3039 795 3099; x_wconf 92' lang='lat' dir='ltr'><strong>per</strong></span> <span class='ocrx_word' id='word_1_218' title='bbox 822 3023 1038 3083; x_wconf 78' lang='lat' dir='ltr'><strong>christoforum</strong></span> <span class='ocrx_word' id='word_1_219' title='bbox 1067 3041 1166 3098; x_wconf 80' lang='lat' dir='ltr'><strong>regern</strong></span> <span class='ocrx_word' id='word_1_220' title='bbox 1195 3030 1344 3110; x_wconf 85' lang='lat' dir='ltr'><strong>subjacet,</strong></span> <span class='ocrx_word' id='word_1_221' title='bbox 1378 3036 1408 3093; x_wconf 90' lang='lat' dir='ltr'><strong>in</strong></span> <span class='ocrx_word' id='word_1_222' title='bbox 1436 3038 1473 3095; x_wconf 87' lang='lat' dir='ltr'><strong>iis</strong></span> <span class='ocrx_word' id='word_1_223' title='bbox 1501 3045 1600 3119; x_wconf 84' lang='lat' dir='ltr'><strong>terris,</strong></span> 
     </span>
     <span class='ocr_line' id='line_1_28' title="bbox 236 3121 1600 3216; baseline 0.006 -26"><span class='ocrx_word' id='word_1_224' title='bbox 236 3147 364 3189; x_wconf 85' lang='lat' dir='ltr'><strong>comes</strong></span> <span class='ocrx_word' id='word_1_225' title='bbox 398 3127 574 3187; x_wconf 83' lang='lat' dir='ltr'><strong>Holtzetiae</strong></span> <span class='ocrx_word' id='word_1_226' title='bbox 609 3130 670 3182; x_wconf 90' lang='lat' dir='ltr'><strong>lom</strong></span> <span class='ocrx_word' id='word_1_227' title='bbox 702 3123 803 3193; x_wconf 82' lang='lat' dir='ltr'><strong>vigore</strong></span> <span class='ocrx_word' id='word_1_228' title='bbox 830 3121 938 3180; x_wconf 78' lang='lat' dir='ltr'><strong>feudali</strong></span> <span class='ocrx_word' id='word_1_229' title='bbox 967 3139 1052 3196; x_wconf 86' lang='lat' dir='ltr'><strong>quam</strong></span> <span class='ocrx_word' id='word_1_230' title='bbox 1086 3125 1114 3181; x_wconf 91' lang='lat' dir='ltr'><strong>ln</strong></span> <span class='ocrx_word' id='word_1_231' title='bbox 1142 3127 1267 3201; x_wconf 85' lang='lat' dir='ltr'><strong>pignore</strong></span> <span class='ocrx_word' id='word_1_232' title='bbox 1295 3131 1398 3207; x_wconf 86' lang='lat' dir='ltr'><strong>habet,</strong></span> <span class='ocrx_word' id='word_1_233' title='bbox 1432 3140 1600 3216; x_wconf 89' lang='lat' dir='ltr'><strong>suspendit,</strong></span> 
     </span>
    </p>
   </div>
   <div class='ocr_carea' id='block_1_16' title="bbox 239 3219 1504 3296">
    <p class='ocr_par' dir='ltr' id='par_1_16' title="bbox 239 3219 1504 3296">
     <span class='ocr_line' id='line_1_29' title="bbox 239 3219 1504 3296; baseline 0.003 -7"><span class='ocrx_word' id='word_1_234' title='bbox 239 3247 260 3287; x_wconf 90' lang='lat' dir='ltr'><strong>n</strong></span> <span class='ocrx_word' id='word_1_235' title='bbox 289 3227 476 3288; x_wconf 88' lang='lat' dir='ltr'><strong>obediunt.</strong></span> <span class='ocrx_word' id='word_1_236' title='bbox 505 3257 543 3268; x_wconf 90' lang='lat'><em>-</em></span> <span class='ocrx_word' id='word_1_237' title='bbox 572 3223 725 3294; x_wconf 67' lang='lat' dir='ltr'><strong>Ascalone,</strong></span> <span class='ocrx_word' id='word_1_238' title='bbox 750 3221 796 3278; x_wconf 91' lang='lat' dir='ltr'><strong>Vl.</strong></span> <span class='ocrx_word' id='word_1_239' title='bbox 820 3236 890 3279; x_wconf 89' lang='lat' dir='ltr'><strong>oon.</strong></span> <span class='ocrx_word' id='word_1_240' title='bbox 914 3219 992 3295; x_wconf 73' lang='lat' dir='ltr'><strong>niuji,</strong></span> <span class='ocrx_word' id='word_1_241' title='bbox 1015 3221 1204 3296; x_wconf 83' lang='lat' dir='ltr'><strong>pontificatus</strong></span> <span class='ocrx_word' id='word_1_242' title='bbox 1226 3229 1320 3286; x_wconf 87' lang='lat' dir='ltr'><strong>nostri</strong></span> <span class='ocrx_word' id='word_1_243' title='bbox 1342 3245 1422 3290; x_wconf 89' lang='lat' dir='ltr'><strong>anno</strong></span> <span class='ocrx_word' id='word_1_244' title='bbox 1443 3233 1504 3292; x_wconf 86' lang='lat' dir='ltr'><strong>XV.</strong></span> 
     </span>
    </p>
   </div>
   <div class='ocr_carea' id='block_1_17' title="bbox 241 3317 1601 3544">
    <p class='ocr_par' dir='ltr' id='par_1_17' title="bbox 241 3317 1601 3544">
     <span class='ocr_line' id='line_1_30' title="bbox 241 3317 1601 3390; baseline -0.002 -12"><span class='ocrx_word' id='word_1_245' title='bbox 241 3328 283 3390; x_wconf 81' lang='lat' dir='ltr'><strong>Ny</strong></span> <span class='ocrx_word' id='word_1_246' title='bbox 313 3325 470 3376; x_wconf 76' lang='lat' dir='ltr'><strong>kirkahlst.</strong></span> <span class='ocrx_word' id='word_1_247' title='bbox 501 3321 651 3379; x_wconf 80' lang='lat' dir='ltr'><strong>Sumllnger</strong></span> <span class='ocrx_word' id='word_1_248' title='bbox 683 3319 721 3367; x_wconf 82' lang='lat' dir='ltr'><strong>lv.</strong></span> <span class='ocrx_word' id='word_1_249' title='bbox 747 3317 885 3368; x_wconf 71' lang='lat' dir='ltr'><strong>sol-208.</strong></span> <span class='ocrx_word' id='word_1_250' title='bbox 935 3317 968 3365; x_wconf 85' lang='lat' dir='ltr'><strong>llo</strong></span> <span class='ocrx_word' id='word_1_251' title='bbox 997 3319 1054 3366; x_wconf 83' lang='lat' dir='ltr'><strong>llolr.</strong></span> <span class='ocrx_word' id='word_1_252' title='bbox 1085 3332 1112 3368; x_wconf 88' lang='lat' dir='ltr'><strong>or</strong></span> <span class='ocrx_word' id='word_1_253' title='bbox 1141 3320 1236 3371; x_wconf 74' lang='lat' dir='ltr'><strong>indiam</strong></span> <span class='ocrx_word' id='word_1_254' title='bbox 1261 3325 1268 3372; x_wconf 96' lang='lat' dir='ltr'><strong>l</strong></span> <span class='ocrx_word' id='word_1_255' title='bbox 1295 3326 1466 3390; x_wconf 78' lang='lat' dir='ltr'><strong>liegestlsogeo</strong></span> <span class='ocrx_word' id='word_1_256' title='bbox 1493 3332 1532 3381; x_wconf 80' lang='lat' dir='ltr'><strong>lor</strong></span> <span class='ocrx_word' id='word_1_257' title='bbox 1558 3335 1601 3385; x_wconf 60' lang='grc' dir='ltr'><strong>(ιρι</strong></span> 
     </span>
     <span class='ocr_line' id='line_1_31' title="bbox 242 3399 1599 3466; baseline 0.001 -3"><span class='ocrx_word' id='word_1_258' title='bbox 242 3410 319 3463; x_wconf 77' lang='lat' dir='ltr'><strong>16rle</strong></span> <span class='ocrx_word' id='word_1_259' title='bbox 339 3410 415 3465; x_wconf 78' lang='lat' dir='ltr'><strong>Aur,</strong></span> <span class='ocrx_word' id='word_1_260' title='bbox 444 3419 474 3454; x_wconf 85' lang='lat' dir='ltr'><strong>er</strong></span> <span class='ocrx_word' id='word_1_261' title='bbox 493 3405 540 3454; x_wconf 82' lang='lat' dir='ltr'><strong>dat</strong></span> <span class='ocrx_word' id='word_1_262' title='bbox 559 3403 667 3462; x_wconf 65' lang='lat' dir='ltr'><strong>molini,</strong></span> <span class='ocrx_word' id='word_1_263' title='bbox 685 3405 712 3448; x_wconf 87' lang='lat' dir='ltr'><strong>oi</strong></span> <span class='ocrx_word' id='word_1_264' title='bbox 728 3399 770 3448; x_wconf 89' lang='lat' dir='ltr'><strong>llll</strong></span> <span class='ocrx_word' id='word_1_265' title='bbox 787 3413 814 3448; x_wconf 87' lang='lat' dir='ltr'><strong>er</strong></span> <span class='ocrx_word' id='word_1_266' title='bbox 832 3413 861 3447; x_wconf 89' lang='lat' dir='ltr'><strong>en</strong></span> <span class='ocrx_word' id='word_1_267' title='bbox 881 3399 994 3458; x_wconf 81' lang='lat' dir='ltr'><strong>Sirlvlell</strong></span> <span class='ocrx_word' id='word_1_268' title='bbox 1012 3400 1050 3448; x_wconf 84' lang='lat' dir='ltr'><strong>lor</strong></span> <span class='ocrx_word' id='word_1_269' title='bbox 1067 3401 1130 3460; x_wconf 82' lang='lat' dir='ltr'><strong>xvi,</strong></span> <span class='ocrx_word' id='word_1_270' title='bbox 1153 3415 1183 3463; x_wconf 79' lang='lat' dir='ltr'><strong>og</strong></span> <span class='ocrx_word' id='word_1_271' title='bbox 1200 3405 1334 3456; x_wconf 78' lang='lat' dir='ltr'><strong>Auratallet</strong></span> <span class='ocrx_word' id='word_1_272' title='bbox 1355 3421 1382 3457; x_wconf 88' lang='lat' dir='ltr'><strong>er</strong></span> <span class='ocrx_word' id='word_1_273' title='bbox 1399 3413 1407 3456; x_wconf 95' lang='lat' dir='ltr'><strong>l</strong></span> <span class='ocrx_word' id='word_1_274' title='bbox 1425 3423 1469 3458; x_wconf 85' lang='lat' dir='ltr'><strong>saa</strong></span> <span class='ocrx_word' id='word_1_275' title='bbox 1485 3413 1599 3466; x_wconf 78' lang='lat' dir='ltr'><strong>Tillolde</strong></span> 
     </span>
     <span class='ocr_line' id='line_1_32' title="bbox 242 3481 1143 3544; baseline -0.012 0"><span class='ocrx_word' id='word_1_276' title='bbox 242 3491 328 3544; x_wconf 84' lang='grc'>1332.</span> <span class='ocrx_word' id='word_1_277' title='bbox 369 3490 442 3540; x_wconf 83' lang='lat' dir='ltr'><strong>Jvlr.</strong></span> <span class='ocrx_word' id='word_1_278' title='bbox 463 3485 575 3544; x_wconf 66' lang='lat' dir='ltr'><strong>Huncin,</strong></span> <span class='ocrx_word' id='word_1_279' title='bbox 595 3483 642 3533; x_wconf 86' lang='lat' dir='ltr'><strong>llet</strong></span> <span class='ocrx_word' id='word_1_280' title='bbox 660 3483 753 3531; x_wconf 81' lang='lat' dir='ltr'><strong>norslie</strong></span> <span class='ocrx_word' id='word_1_281' title='bbox 771 3481 844 3530; x_wconf 81' lang='lat' dir='ltr'><strong>Follis</strong></span> <span class='ocrx_word' id='word_1_282' title='bbox 861 3481 916 3529; x_wconf 85' lang='lat' dir='ltr'><strong>illst</strong></span> <span class='ocrx_word' id='word_1_283' title='bbox 941 3481 964 3532; x_wconf 82' lang='lat'><strong>2.</strong></span> <span class='ocrx_word' id='word_1_284' title='bbox 979 3482 1033 3530; x_wconf 75' lang='lat' dir='ltr'><strong>alu.</strong></span> <span class='ocrx_word' id='word_1_285' title='bbox 1052 3483 1070 3530; x_wconf 93' lang='lat' dir='ltr'><strong>l.</strong></span> <span class='ocrx_word' id='word_1_286' title='bbox 1088 3483 1143 3534; x_wconf 78' lang='lat'>120.</span> 
     </span>
    </p>
   </div>
   <div class='ocr_carea' id='block_1_18' title="bbox 236 3612 1753 3992">
    <p class='ocr_par' dir='ltr' id='par_1_18' title="bbox 236 3612 1753 3992">
     <span class='ocr_line' id='line_1_33' title="bbox 242 3612 1753 3701; baseline -0.001 -16"><span class='ocrx_word' id='word_1_287' title='bbox 242 3625 417 3699; x_wconf 72' lang='lat' dir='ltr'><strong>lisanum,</strong></span> <span class='ocrx_word' id='word_1_288' title='bbox 450 3618 715 3692; x_wconf 85' lang='lat' dir='ltr'><strong>archiepiscopus</strong></span> <span class='ocrx_word' id='word_1_289' title='bbox 737 3612 916 3686; x_wconf 74' lang='lat' dir='ltr'><strong>lundensis,</strong></span> <span class='ocrx_word' id='word_1_290' title='bbox 945 3613 1073 3688; x_wconf 86' lang='lat' dir='ltr'><strong>capitolo</strong></span> <span class='ocrx_word' id='word_1_291' title='bbox 1096 3615 1248 3675; x_wconf 74' lang='lat' dir='ltr'><strong>lundensi</strong></span> <span class='ocrx_word' id='word_1_292' title='bbox 1269 3618 1348 3678; x_wconf 90' lang='lat' dir='ltr'><strong>bona</strong></span> <span class='ocrx_word' id='word_1_293' title='bbox 1370 3637 1425 3680; x_wconf 89' lang='lat' dir='ltr'><strong>sua</strong></span> <span class='ocrx_word' id='word_1_294' title='bbox 1446 3624 1475 3682; x_wconf 86' lang='lat' dir='ltr'><strong>in</strong></span> <span class='ocrx_word' id='word_1_295' title='bbox 1499 3627 1595 3687; x_wconf 81' lang='lat' dir='ltr'><strong>Wiar-</strong></span> <span class='ocrx_word' id='word_1_296' title='bbox 1632 3637 1670 3688; x_wconf 81' lang='grc'><strong>14.</strong></span> <span class='ocrx_word' id='word_1_297' title='bbox 1690 3642 1753 3701; x_wconf 68' lang='lat' dir='ltr'><strong>usp.</strong></span> 
     </span>
     <span class='ocr_line' id='line_1_34' title="bbox 236 3711 1594 3802; baseline -0.001 -18"><span class='ocrx_word' id='word_1_298' title='bbox 236 3741 272 3802; x_wconf 91' lang='lat' dir='ltr'><strong>rp</strong></span> <span class='ocrx_word' id='word_1_299' title='bbox 292 3731 328 3784; x_wconf 85' lang='lat' dir='ltr'><strong>et</strong></span> <span class='ocrx_word' id='word_1_300' title='bbox 348 3718 561 3791; x_wconf 78' lang='lat' dir='ltr'><strong>lirosathorp</strong></span> <span class='ocrx_word' id='word_1_301' title='bbox 586 3714 680 3772; x_wconf 86' lang='lat' dir='ltr'><strong>donat</strong></span> <span class='ocrx_word' id='word_1_302' title='bbox 701 3717 732 3770; x_wconf 87' lang='lat' dir='ltr'><strong>et</strong></span> <span class='ocrx_word' id='word_1_303' title='bbox 753 3715 860 3783; x_wconf 83' lang='lat' dir='ltr'><strong>scelat,</strong></span> <span class='ocrx_word' id='word_1_304' title='bbox 884 3711 1116 3787; x_wconf 75' lang='lat' dir='ltr'><strong>crocodilinae,</strong></span> <span class='ocrx_word' id='word_1_305' title='bbox 1141 3721 1171 3771; x_wconf 88' lang='lat' dir='ltr'><strong>ot</strong></span> <span class='ocrx_word' id='word_1_306' title='bbox 1190 3715 1298 3774; x_wconf 84' lang='lat' dir='ltr'><strong>testum</strong></span> <span class='ocrx_word' id='word_1_307' title='bbox 1318 3723 1453 3795; x_wconf 82' lang='lat' dir='ltr'><strong>corporis</strong></span> <span class='ocrx_word' id='word_1_308' title='bbox 1471 3723 1594 3801; x_wconf 85' lang='lat' dir='ltr'><strong>Christi,</strong></span> 
     </span>
     <span class='ocr_line' id='line_1_35' title="bbox 236 3806 1594 3887; baseline -0.015 -3"><span class='ocrx_word' id='word_1_309' title='bbox 236 3824 303 3883; x_wconf 75' lang='lat' dir='ltr'><strong>inis</strong></span> <span class='ocrx_word' id='word_1_310' title='bbox 328 3823 442 3881; x_wconf 79' lang='lat' dir='ltr'><strong>beatae</strong></span> <span class='ocrx_word' id='word_1_311' title='bbox 468 3813 611 3887; x_wconf 80' lang='lat' dir='ltr'><strong>Virginis</strong></span> <span class='ocrx_word' id='word_1_312' title='bbox 640 3816 670 3869; x_wconf 89' lang='lat' dir='ltr'><strong>et</strong></span> <span class='ocrx_word' id='word_1_313' title='bbox 692 3809 802 3867; x_wconf 87' lang='lat' dir='ltr'><strong>ieslum</strong></span> <span class='ocrx_word' id='word_1_314' title='bbox 826 3823 850 3866; x_wconf 87' lang='lat' dir='ltr'><strong>s.</strong></span> <span class='ocrx_word' id='word_1_315' title='bbox 873 3806 990 3866; x_wconf 77' lang='lat' dir='ltr'><strong>Mathia</strong></span> <span class='ocrx_word' id='word_1_316' title='bbox 1012 3811 1139 3884; x_wconf 86' lang='lat' dir='ltr'><strong>apostoli</strong></span> <span class='ocrx_word' id='word_1_317' title='bbox 1169 3813 1205 3870; x_wconf 91' lang='lat' dir='ltr'><strong>ad</strong></span> <span class='ocrx_word' id='word_1_318' title='bbox 1234 3814 1353 3873; x_wconf 88' lang='lat' dir='ltr'><strong>modum</strong></span> <span class='ocrx_word' id='word_1_319' title='bbox 1382 3817 1594 3881; x_wconf 72' lang='lat' dir='ltr'><strong>celebrationis</strong></span> 
     </span>
     <span class='ocr_line' id='line_1_36' title="bbox 244 3903 1593 3992; baseline -0.007 -12"><span class='ocrx_word' id='word_1_320' title='bbox 244 3925 416 3982; x_wconf 81' lang='lat' dir='ltr'><strong>festorum</strong></span> <span class='ocrx_word' id='word_1_321' title='bbox 450 3930 511 3992; x_wconf 90' lang='lat' dir='ltr'><strong>per</strong></span> <span class='ocrx_word' id='word_1_322' title='bbox 533 3910 684 3970; x_wconf 88' lang='lat' dir='ltr'><strong>Jacobom</strong></span> <span class='ocrx_word' id='word_1_323' title='bbox 709 3903 849 3979; x_wconf 84' lang='lat' dir='ltr'><strong>(Erlandi)</strong></span> <span class='ocrx_word' id='word_1_324' title='bbox 876 3904 1135 3982; x_wconf 86' lang='lat' dir='ltr'><strong>arehiepiscopum</strong></span> <span class='ocrx_word' id='word_1_325' title='bbox 1163 3910 1304 3970; x_wconf 81' lang='lat' dir='ltr'><strong>ordinaire</strong></span> <span class='ocrx_word' id='word_1_326' title='bbox 1332 3913 1530 3976; x_wconf 88' lang='lat' dir='ltr'><strong>celebrentur.</strong></span> <span class='ocrx_word' id='word_1_327' title='bbox 1557 3953 1593 3962; x_wconf 87' lang='grc'><strong>-</strong></span> 
     </span>
    </p>
   </div>
   <div class='ocr_carea' id='block_1_19' title="bbox 236 4002 944 4182">
    <p class='ocr_par' dir='ltr' id='par_1_19' title="bbox 236 4002 944 4182">
     <span class='ocr_line' id='line_1_37' title="bbox 236 4002 944 4081; baseline -0.032 1"><span class='ocrx_word' id='word_1_328' title='bbox 236 4024 284 4081; x_wconf 85' lang='lat' dir='ltr'><strong>ria</strong></span> <span class='ocrx_word' id='word_1_329' title='bbox 309 4020 401 4079; x_wconf 83' lang='lat' dir='ltr'><strong>inira</strong></span> <span class='ocrx_word' id='word_1_330' title='bbox 427 4019 576 4074; x_wconf 86' lang='lat' dir='ltr'><strong>octavam</strong></span> <span class='ocrx_word' id='word_1_331' title='bbox 600 4004 793 4066; x_wconf 87' lang='lat' dir='ltr'><strong>ascensionis</strong></span> <span class='ocrx_word' id='word_1_332' title='bbox 818 4002 944 4062; x_wconf 90' lang='lat' dir='ltr'><strong>llomioi.</strong></span> 
     </span>
     <span class='ocr_line' id='line_1_38' title="bbox 243 4098 922 4182; baseline -0.034 -13"><span class='ocrx_word' id='word_1_333' title='bbox 243 4120 317 4182; x_wconf 79' lang='lat' dir='ltr'><strong>ilipl.</strong></span> <span class='ocrx_word' id='word_1_334' title='bbox 334 4119 471 4171; x_wconf 62' lang='lat' dir='ltr'><strong>sonam,</strong></span> <span class='ocrx_word' id='word_1_335' title='bbox 492 4109 533 4160; x_wconf 74' lang='lat' dir='ltr'><strong>ec.</strong></span> <span class='ocrx_word' id='word_1_336' title='bbox 554 4107 582 4155; x_wconf 90' lang='lat' dir='ltr'><strong>s.</strong></span> <span class='ocrx_word' id='word_1_337' title='bbox 596 4105 625 4154; x_wconf 87' lang='lat' dir='ltr'><strong>n.</strong></span> <span class='ocrx_word' id='word_1_338' title='bbox 640 4099 793 4153; x_wconf 71' lang='lat' dir='ltr'><strong>aureonno</strong></span> <span class='ocrx_word' id='word_1_339' title='bbox 811 4098 848 4147; x_wconf 86' lang='lat' dir='ltr'><strong>rv.</strong></span> <span class='ocrx_word' id='word_1_340' title='bbox 866 4098 922 4150; x_wconf 77' lang='lat'>212.</span> 
     </span>
    </p>
   </div>
   <div class='ocr_carea' id='block_1_20' title="bbox 245 4199 1795 4310">
    <p class='ocr_par' dir='ltr' id='par_1_20' title="bbox 245 4199 1795 4310">
     <span class='ocr_line' id='line_1_39' title="bbox 245 4199 1795 4310; baseline -0.004 -15"><span class='ocrx_word' id='word_1_341' title='bbox 245 4235 435 4310; x_wconf 78' lang='lat' dir='ltr'><strong>Kongernc</strong></span> <span class='ocrx_word' id='word_1_342' title='bbox 456 4228 668 4286; x_wconf 82' lang='lat' dir='ltr'><strong>Coursrorrso</strong></span> <span class='ocrx_word' id='word_1_343' title='bbox 691 4233 729 4289; x_wconf 80' lang='lat' dir='ltr'><strong>og</strong></span> <span class='ocrx_word' id='word_1_344' title='bbox 747 4215 817 4274; x_wconf 80' lang='lat' dir='ltr'><strong>iiam</strong></span> <span class='ocrx_word' id='word_1_345' title='bbox 839 4218 906 4284; x_wconf 75' lang='lat' dir='ltr'><strong>tage</strong></span> <span class='ocrx_word' id='word_1_346' title='bbox 924 4212 974 4271; x_wconf 87' lang='lat' dir='ltr'><strong>ilr.</strong></span> <span class='ocrx_word' id='word_1_347' title='bbox 990 4214 1032 4271; x_wconf 91' lang='lat' dir='ltr'><strong>Sti</strong></span> <span class='ocrx_word' id='word_1_348' title='bbox 1049 4216 1223 4277; x_wconf 79' lang='lat' dir='ltr'><strong>Anderssoo</strong></span> <span class='ocrx_word' id='word_1_349' title='bbox 1240 4223 1272 4278; x_wconf 86' lang='lat' dir='ltr'><strong>al</strong></span> <span class='ocrx_word' id='word_1_350' title='bbox 1285 4221 1458 4297; x_wconf 86' lang='lat' dir='ltr'><strong>Bjornholm</strong></span> <span class='ocrx_word' id='word_1_351' title='bbox 1476 4227 1486 4284; x_wconf 89' lang='lat' dir='ltr'><strong>i</strong></span> <span class='ocrx_word' id='word_1_352' title='bbox 1504 4227 1591 4290; x_wconf 86' lang='lat' dir='ltr'><strong>dores</strong></span> <span class='ocrx_word' id='word_1_353' title='bbox 1625 4235 1665 4286; x_wconf 85' lang='lat'><strong>30.</strong></span> <span class='ocrx_word' id='word_1_354' title='bbox 1686 4239 1748 4298; x_wconf 71' lang='lat' dir='ltr'><strong>sall.</strong></span> <span class='ocrx_word' id='word_1_355' title='bbox 1790 4199 1795 4207; x_wconf 24' lang='grc' dir='ltr'>ι</span> 
     </span>
    </p>
   </div>
   <div class='ocr_carea' id='block_1_21' title="bbox 236 4310 1543 4482">
    <p class='ocr_par' dir='ltr' id='par_1_21' title="bbox 236 4310 1543 4482">
     <span class='ocr_line' id='line_1_40' title="bbox 236 4310 1543 4396; baseline -0.006 -4"><span class='ocrx_word' id='word_1_356' title='bbox 236 4334 339 4394; x_wconf 79' lang='lat' dir='ltr'><strong>rimosi</strong></span> <span class='ocrx_word' id='word_1_357' title='bbox 365 4334 481 4391; x_wconf 83' lang='lat' dir='ltr'><strong>denne</strong></span> <span class='ocrx_word' id='word_1_358' title='bbox 508 4325 596 4383; x_wconf 81' lang='lat' dir='ltr'><strong>lover</strong></span> <span class='ocrx_word' id='word_1_359' title='bbox 618 4319 685 4376; x_wconf 73' lang='lat' dir='ltr'><strong>deni</strong></span> <span class='ocrx_word' id='word_1_360' title='bbox 709 4310 853 4371; x_wconf 72' lang='lat' dir='ltr'><strong>Ti0⁸¹l³b·</strong></span> <span class='ocrx_word' id='word_1_361' title='bbox 877 4343 915 4352; x_wconf 92' lang='lat'>-</span> <span class='ocrx_word' id='word_1_362' title='bbox 936 4311 1172 4391; x_wconf 54' lang='lat' dir='ltr'><strong>scandaloso,</strong></span> <span class='ocrx_word' id='word_1_363' title='bbox 1195 4317 1242 4375; x_wconf 90' lang='lat' dir='ltr'><strong>die</strong></span> <span class='ocrx_word' id='word_1_364' title='bbox 1264 4323 1399 4396; x_wconf 88' lang='lat' dir='ltr'><strong>corporis</strong></span> <span class='ocrx_word' id='word_1_365' title='bbox 1422 4323 1543 4384; x_wconf 86' lang='lat' dir='ltr'><strong>Christi.</strong></span> 
     </span>
     <span class='ocr_line' id='line_1_41' title="bbox 247 4407 1288 4482; baseline -0.016 0"><span class='ocrx_word' id='word_1_366' title='bbox 247 4433 309 4482; x_wconf 80' lang='lat' dir='ltr'><strong>Udi.</strong></span> <span class='ocrx_word' id='word_1_367' title='bbox 330 4435 340 4482; x_wconf 93' lang='lat' dir='ltr'><strong>l</strong></span> <span class='ocrx_word' id='word_1_368' title='bbox 359 4423 508 4480; x_wconf 81' lang='lat' dir='ltr'><strong>nvitreldi,</strong></span> <span class='ocrx_word' id='word_1_369' title='bbox 531 4421 621 4468; x_wconf 76' lang='lat' dir='ltr'><strong>Duum.</strong></span> <span class='ocrx_word' id='word_1_370' title='bbox 642 4413 717 4474; x_wconf 75' lang='lat' dir='ltr'><strong>lllgss</strong></span> <span class='ocrx_word' id='word_1_371' title='bbox 735 4411 809 4459; x_wconf 80' lang='lat' dir='ltr'><strong>liran.</strong></span> <span class='ocrx_word' id='word_1_372' title='bbox 827 4407 852 4458; x_wconf 87' lang='lat' dir='ltr'><strong>S.</strong></span> <span class='ocrx_word' id='word_1_373' title='bbox 867 4407 981 4459; x_wconf 68' lang='lat' dir='ltr'><strong>sss-54</strong></span> <span class='ocrx_word' id='word_1_374' title='bbox 998 4410 1143 4473; x_wconf 75' lang='lat' dir='ltr'><strong>(Kvartudg.</strong></span> <span class='ocrx_word' id='word_1_375' title='bbox 1161 4413 1202 4464; x_wconf 88' lang='lat' dir='ltr'><strong>lli.</strong></span> <span class='ocrx_word' id='word_1_376' title='bbox 1219 4415 1288 4477; x_wconf 65' lang='lat' dir='ltr'><strong>asir.</strong></span> 
     </span>
    </p>
   </div>
   <div class='ocr_carea' id='block_1_22' title="bbox 236 4522 1760 4823">
    <p class='ocr_par' dir='ltr' id='par_1_22' title="bbox 236 4522 1760 4823">
     <span class='ocr_line' id='line_1_42' title="bbox 240 4522 1760 4612; baseline 0.007 -26"><span class='ocrx_word' id='word_1_377' title='bbox 240 4535 418 4610; x_wconf 54' lang='lat' dir='ltr'><strong>jomus</strong></span> <span class='ocrx_word' id='word_1_378' title='bbox 457 4533 615 4612; x_wconf 71' lang='lat' dir='ltr'><strong>(xxiiim)</strong></span> <span class='ocrx_word' id='word_1_379' title='bbox 647 4542 725 4603; x_wconf 88' lang='lat' dir='ltr'><strong>popa</strong></span> <span class='ocrx_word' id='word_1_380' title='bbox 757 4522 961 4600; x_wconf 85' lang='lat' dir='ltr'><strong>Helemberto,</strong></span> <span class='ocrx_word' id='word_1_381' title='bbox 994 4523 1090 4586; x_wconf 86' lang='lat' dir='ltr'><strong>eleeto</strong></span> <span class='ocrx_word' id='word_1_382' title='bbox 1124 4529 1326 4608; x_wconf 87' lang='lat' dir='ltr'><strong>Sleswicensi,</strong></span> <span class='ocrx_word' id='word_1_383' title='bbox 1359 4535 1515 4611; x_wconf 89' lang='lat' dir='ltr'><strong>permittit,</strong></span> <span class='ocrx_word' id='word_1_384' title='bbox 1548 4542 1590 4612; x_wconf 85' lang='lat' dir='ltr'><strong>ut,</strong></span> <span class='ocrx_word' id='word_1_385' title='bbox 1625 4543 1664 4593; x_wconf 87' lang='grc'><strong>19.</strong></span> <span class='ocrx_word' id='word_1_386' title='bbox 1683 4546 1760 4597; x_wconf 83' lang='lat' dir='ltr'><strong>lunii.</strong></span> 
     </span>
     <span class='ocr_line' id='line_1_43' title="bbox 236 4621 1590 4744; baseline -0.013 -35"><span class='ocrx_word' id='word_1_387' title='bbox 236 4666 270 4709; x_wconf 88' lang='lat' dir='ltr'><strong>as</strong></span> <span class='ocrx_word' id='word_1_388' title='bbox 302 4639 512 4726; x_wconf 87' lang='lat' dir='ltr'><strong>provisionis</strong></span> <span class='ocrx_word' id='word_1_389' title='bbox 542 4645 606 4691; x_wconf 91' lang='lat' dir='ltr'><strong>non</strong></span> <span class='ocrx_word' id='word_1_390' title='bbox 636 4626 760 4696; x_wconf 84' lang='lat' dir='ltr'><strong>habent,</strong></span> <span class='ocrx_word' id='word_1_391' title='bbox 788 4622 824 4679; x_wconf 87' lang='lat' dir='ltr'><strong>ad</strong></span> <span class='ocrx_word' id='word_1_392' title='bbox 854 4621 1018 4738; x_wconf 35' lang='lat' dir='ltr'><strong>eeclesiam.</strong></span> <span class='ocrx_word' id='word_1_393' title='bbox 1035 4624 1260 4687; x_wconf 82' lang='lat' dir='ltr'><strong>sleswicensem</strong></span> <span class='ocrx_word' id='word_1_394' title='bbox 1288 4630 1409 4742; x_wconf 54' lang='lat' dir='ltr'><strong>accpdat</strong></span> <span class='ocrx_word' id='word_1_395' title='bbox 1435 4634 1590 4744; x_wconf 77' lang='lat' dir='ltr'><strong>ipsiusque</strong></span> 
     </span>
     <span class='ocr_line' id='line_1_44' title="bbox 236 4720 1590 4823; baseline -0.01 -20"><span class='ocrx_word' id='word_1_396' title='bbox 236 4768 240 4808; x_wconf 85' lang='grc' dir='ltr'>ι</span> <span class='ocrx_word' id='word_1_397' title='bbox 273 4763 383 4823; x_wconf 83' lang='lat' dir='ltr'><strong>usque</strong></span> <span class='ocrx_word' id='word_1_398' title='bbox 418 4737 462 4801; x_wconf 88' lang='lat' dir='ltr'><strong>ad</strong></span> <span class='ocrx_word' id='word_1_399' title='bbox 493 4741 560 4793; x_wconf 86' lang='lat' dir='ltr'><strong>tres</strong></span> <span class='ocrx_word' id='word_1_400' title='bbox 590 4739 714 4787; x_wconf 87' lang='lat' dir='ltr'><strong>menses</strong></span> <span class='ocrx_word' id='word_1_401' title='bbox 742 4725 835 4792; x_wconf 85' lang='lat' dir='ltr'><strong>gerat.</strong></span> <span class='ocrx_word' id='word_1_402' title='bbox 867 4753 903 4762; x_wconf 93' lang='lat'>-</span> <span class='ocrx_word' id='word_1_403' title='bbox 931 4720 1084 4798; x_wconf 71' lang='lat' dir='ltr'><strong>icenronte,</strong></span> <span class='ocrx_word' id='word_1_404' title='bbox 1112 4724 1186 4784; x_wconf 89' lang='lat' dir='ltr'><strong>lllll.</strong></span> <span class='ocrx_word' id='word_1_405' title='bbox 1210 4727 1266 4785; x_wconf 82' lang='lat' dir='ltr'><strong>lral.</strong></span> <span class='ocrx_word' id='word_1_406' title='bbox 1289 4727 1373 4804; x_wconf 82' lang='lat' dir='ltr'><strong>iulo,</strong></span> <span class='ocrx_word' id='word_1_407' title='bbox 1401 4730 1590 4805; x_wconf 80' lang='lat' dir='ltr'><strong>pontificatus</strong></span> 
     </span>
    </p>
   </div>
   <div class='ocr_carea' id='block_1_23' title="bbox 252 4915 1397 5113">
    <p class='ocr_par' dir='ltr' id='par_1_23' title="bbox 252 4915 1397 5113">
     <span class='ocr_line' id='line_1_45' title="bbox 252 4915 828 5008; baseline -0.059 -9"><span class='ocrx_word' id='word_1_408' title='bbox 252 4947 291 5008; x_wconf 80' lang='lat' dir='ltr'><strong>ily</strong></span> <span class='ocrx_word' id='word_1_409' title='bbox 309 4942 460 4995; x_wconf 80' lang='lat' dir='ltr'><strong>ilriehlst.</strong></span> <span class='ocrx_word' id='word_1_410' title='bbox 482 4927 633 4985; x_wconf 77' lang='lat' dir='ltr'><strong>somiimer</strong></span> <span class='ocrx_word' id='word_1_411' title='bbox 652 4921 689 4970; x_wconf 84' lang='lat' dir='ltr'><strong>lli.</strong></span> <span class='ocrx_word' id='word_1_412' title='bbox 706 4915 828 4970; x_wconf 76' lang='lat' dir='ltr'><strong>ana-10.</strong></span> 
     </span>
     <span class='ocr_line' id='line_1_46' title="bbox 252 5041 1397 5113; baseline -0.052 -3"><span class='ocrx_word' id='word_1_413' title='bbox 252 5066 309 5113; x_wconf 83' lang='lat' dir='ltr'><strong>ser.</strong></span> <span class='ocrx_word' id='word_1_414' title='bbox 331 5063 350 5112; x_wconf 88' lang='lat' dir='ltr'><strong>l.</strong></span> <span class='ocrx_word' id='word_1_415' title='bbox 1364 5041 1397 5093; x_wconf 62' lang='lat'><strong>29</strong></span> 
     </span>
    </p>
   </div>
   <div class='ocr_carea' id='block_1_24' title="bbox 0 0 2271 5588">
    <p class='ocr_par' dir='ltr' id='par_1_24' title="bbox 0 0 2271 5588">
     <span class='ocr_line' id='line_1_47' title="bbox 0 0 2271 5588; baseline 0 0"><span class='ocrx_word' id='word_1_416' title='bbox 0 0 2271 5588; x_wconf 95' lang='lat' dir='ltr'><strong> </strong></span> 
     </span>
    </p>
   </div>
  </div>
 </body>
</html>
