4536 5620
430 371 500 438 316
801 439 803 445 ,
963 366 1065 435 Kouc
1092 366 1283 435 Venucula
1309 367 1497 435 Auruncae.

280 529 296 590 l
340 530 369 591 l.

298 528 340 614 35
429 629 509 687 boun
537 645 592 688 sua
624 631 794 705 personalia
820 631 850 688 in
878 629 1010 703 Osgocia
1037 629 1166 689 dimittit.
1195 661 1233 674 ·-
1261 629 1387 704 Lauda,
1420 631 1450 686 in
1483 627 1530 688 die
1562 629 1752 688 ascensionis
1784 629 1900 688 domini
1932 632 2036 688 nostri

430 727 523 787 'besu
546 727 667 785 Chmn'
727 807 826 864 delier.
854 807 1087 869 Foru-llandllugar
1113 807 1221 857 rorando
1248 807 1353 856 llnllaud
1378 807 1402 856 S.
1424 806 1529 858 84-85.
1568 807 1623 857 Udi·
1645 817 1690 868 ΡΜ
1715 807 1799 857 ΒΜ
1820 810 1829 857 ¹
1851 808 1958 864 ”¹¹⁰⁰h·
1988 810 2037 858 ⁰⁰²

727 889 819 938 nursia
836 889 908 938 Folius
931 890 992 938 illst.
1014 889 1037 940 2.
1056 889 1110 938 ltu.
1133 888 1150 937 l.
1168 888 1218 940 648
1235 891 1307 938 dnm.
1332 902 1362 949 og
1381 901 1428 950 pan
1446 889 1542 938 Saensl
1560 891 1568 936 t
1586 889 1697 938 Suensla
1715 888 1922 938 litis-Archinots
1941 889 2036 951 Perga-

727 971 867 1020 msntabrsl
883 970 899 1019 l.
918 971 956 1021 96.

274 1101 314 1153 24.
332 1103 395 1160 ttau.
578 1100 683 1163 *2294
727 1101 941 1176 Wraunurnus,
964 1101 1022 1161 dux
1044 1101 1160 1176 luctis),
1183 1107 1211 1160 et
1233 1100 1311 1159 tilius
1334 1103 1399 1175 ejus
1422 1101 1621 1160 Wrcosuraus
1644 1101 1830 1176 promittunt,
1855 1117 1887 1160 se
1909 1100 2036 1161 Ludero

431 1199 561 1257 Lcmhelr
579 1200 663 1258 militi
681 1203 805 1274 ejusque
822 1198 983 1257 heredibus
1001 1199 1180 1274 quingentas
1197 1215 1313 1258 marcas
1329 1199 1395 1275 puri
1413 1201 1537 1274 argenti,
1556 1200 1700 1258 ducentas
1718 1203 1746 1256 et
1763 1199 1918 1272 sexaginta
1934 1206 1966 1256 et
1980 1217 2036 1260 aex

431 1313 547 1355 marcas
570 1296 644 1356 Lub.
668 1297 753 1372 dem,
782 1313 836 1372 pro
864 1296 973 1370 quibus
996 1299 1023 1356 ei
1044 1299 1198 1373 provincia
1219 1297 1478 1372 Lyungtoithorret
1499 1299 1695 1374 impignorata
1718 1296 1771 1370 sit,
1799 1295 1875 1354 inira
1897 1296 2036 1371 Synder-

281 1382 285 1392 '
351 1431 352 1436 κ
427 1395 538 1469 juciam
563 1395 592 1452 in
615 1393 683 1453 luco
711 1396 738 1453 ei
761 1410 869 1453 securo
893 1395 1046 1454 soluturos
1068 1410 1148 1453 csse.
1171 1425 1209 1434 -
1232 1393 1373 1468 Brccler,
1401 1411 1483 1470 prox.
1508 1399 1612 1468 quarta
1632 1393 1706 1452 teria
1726 1398 1795 1452 autc
1817 1393 2036 1455 Pentecosten.

727 1507 871 1564 ldlchslsen,
890 1507 1173 1569 llrkuudensammlung
1190 1506 1219 1556 ll.
1236 1507 1292 1559 235.

276 1623 315 1676 24.
335 1625 398 1683 uui.
580 1621 685 1684 *2295
727 1623 833 1683 linrcus
856 1623 1007 1682 Sweorum
1031 1623 1257 1696 Gothorumqus
1280 1638 1329 1680 rer
1351 1638 1386 1681 ac
1407 1621 1547 1680 dominns
1570 1627 1654 1680 terre
1677 1621 1783 1680 scanie
1806 1623 1970 1698 promittit,
2001 1641 2037 1685 sc

432 1721 545 1778 litteras
578 1736 648 1780 suas
680 1721 811 1779 ilenrico
844 1725 873 1780 ct
899 1720 1020 1780 ilberto
1053 1720 1180 1780 ducibus
1207 1718 1495 1793 Magnopolensibus
1528 1733 1618 1795 snper
1644 1718 1753 1778 ducatu
1781 1725 1866 1778 tarra
1895 1720 2037 1780 Sandra-

433 1818 579 1876 hallandic
606 1834 770 1878 concessas
797 1818 862 1889 (cir.
884 1835 930 1876 nr.
953 1817 1058 1890 *22831
1081 1818 1223 1891 sigillatas
1247 1816 1365 1877 ilberto
1393 1818 1421 1875 iu
1450 1821 1548 1875 castro
1571 1817 1685 1878 Seannr
1712 1815 1748 1875 ad
1776 1825 1846 1877 octo
1873 1817 1939 1876 dies
1963 1827 2039 1895 post

432 1915 541 1975 testum
563 1915 592 1973 b.
615 1915 772 1975 Michaelis
794 1920 1043 1992 praesentaturum
1066 1932 1144 1975 esse.
1166 1915 1258 1972 -Ia
1278 1919 1391 1972 cicitute
1412 1914 1568 1989 lundensi,
1591 1915 1664 1972 ieria
1686 1919 1790 1989 quarta
1812 1916 1888 1974 inira
1910 1922 2037 1978 octavas

432 2015 621 2073 ascensionis
644 2012 773 2072 Domini.

728 2127 818 2188 Styile,
845 2126 933 2188 lildrag
959 2127 999 2175 tlll
1023 2126 1222 2176 Steudinartsns
1243 2127 1350 2177 historia
1372 2127 1390 2176 l.
1407 2125 1512 2178 36-37.
1548 2125 1646 2182 Miner,
1671 2125 1905 2190 Foru-linudllngar
1923 2131 2039 2180 rorando

728 2208 835 2257 llnllnnd
853 2209 877 2258 S.
892 2208 999 2260 85-86.

581 2338 684 2400 *atas
729 2339 874 2400 Nrconrus
896 2339 1066 2399 'luuurssor
1095 2345 1125 2396 at
1152 2345 1266 2415 septem
1296 2338 1344 2396 alii
1371 2337 1480 2396 milites
1508 2343 1537 2395 et
1558 2338 1695 2410 armigeri
1718 2333 1911 2416 promiltnnt,
1941 2357 1976 2400 se
2001 2361 2040 2402 ex

433 2442 516 2514 parte
544 2436 656 2496 domini
685 2439 732 2496 sui
761 2438 838 2496 Erici
867 2438 946 2510 regis
974 2437 1086 2496 Succie
1113 2437 1232 2497 famulis
1260 2437 1372 2510 aliquot
1394 2434 1504 2494 ilberti
1535 2435 1619 2493 ducis
1641 2435 1889 2512 Magnopolcnsis
1918 2441 2040 2501 ratione

433 2551 578 2609 equorum
601 2536 632 2593 iu
655 2537 774 2594 seruitio
797 2536 877 2608 regis
906 2534 1126 2609 deperditorum
1150 2536 1328 2608 quingentas
1351 2539 1380 2590 et
1401 2533 1504 2591 decem
1529 2547 1644 2590 marcas
1666 2536 1782 2606 argenti
1803 2536 1881 2594 lesto
1903 2536 1933 2594 b.
1958 2537 2040 2598 Galli

434 2638 463 2691 ct
484 2632 560 2691 Lulli
583 2635 612 2691 in
635 2634 701 2691 uilla
722 2631 893 2705 Malrnoghe
915 2632 1122 2708 persoluturos
1145 2648 1228 2707 esse,
1252 2631 1312 2706 rel,
1342 2632 1366 2688 si
1389 2631 1552 2704 persolutio
1576 2645 1636 2688 non
1658 2631 1763 2706 luerit,
1786 2633 1916 2709 Lundis,
1945 2642 2044 2710 prout

434 2731 562 2804 obstagii
584 2733 676 2790 moris
698 2732 796 2806 inerit,
818 2731 981 2789 intraturos
1004 2745 1083 2788 osse.
1106 2761 1145 2771 -
1168 2729 1334 2802 Mclmoyle,
1357 2729 1430 2786 ieria
1453 2733 1535 2786 sexta
1555 2733 1624 2786 ante
1646 2728 1756 2788 testum
1778 2730 1988 2793 Pentecostes.

729 2843 813 2905 stylis,
832 2843 921 2904 Bldrag
938 2842 978 2891 till
995 2843 1194 2892 Slnndlnarlans
1211 2841 1317 2892 historia
1333 2842 1351 2891 l.
1368 2841 1474 2894 38-39.

283 2978 307 3030 3.
324 2977 401 3026 lucit.
581 2974 685 3038 *22ss
730 2974 864 3050 Mucius,
892 2990 942 3032 rer
966 2974 1092 3048 Swecic,
1121 2973 1274 3048 Norwogic
1297 2979 1326 3032 et
1351 2973 1472 3047 Scanie,
1500 2971 1634 3031 Thuroni
1657 2971 1830 3034 llichlissou
1859 2972 1941 3035 bona
1970 2995 2044 3057 sua,

435 3090 500 3147 qua
528 3072 601 3131 alias
624 3072 803 3132 Benedictus
827 3071 991 3132 druidzson
1020 3089 1055 3130 ex
1081 3073 1176 3154 gratia
1201 3074 1281 3146 regis
1308 3071 1424 3146 habuit,
1458 3086 1512 3146 pro
1540 3069 1677 3130 ducentis
1705 3073 1814 3132 marcis
1842 3073 2043 3138 denariorum

437 3172 613 3230 Swewurnm
636 3172 825 3246 impignoret.
849 3204 889 3213 —
910 3171 996 3244 Apud
1016 3169 1161 3228 ecclesium
1183 3170 1329 3244 Fierooos,
1353 3167 1475 3227 sabbato
1498 3167 1660 3228 Trinitatis.

731 3267 829 3325 licitur,
853 3267 1086 3329 Foru-itandllngar
1107 3267 1215 3316 rorando
1235 3265 1341 3315 liallrnd
1364 3267 1389 3315 S.
1403 3265 1442 3317 86.
1482 3265 1536 3314 Udt.
1556 3268 1563 3315 i
1586 3267 1679 3315 srensk
1696 3267 1783 3316 Orare.
1802 3271 1809 3316 l
1828 3269 1944 3318 Svenska
1961 3270 2046 3323 urm.

731 3349 861 3399 Archlrets
880 3349 1098 3411 Pergamentsbrei
1113 3349 1130 3397 l.
1148 3349 1187 3400 97.

294 3482 317 3534 6·
334 3482 402 3532 luttt
584 3478 688 3541 9298.
731 3480 950 3555 wenceslaus,
975 3479 1126 3539 Danorum
1149 3479 1383 3554 Sclauurumque
1409 3496 1474 3554 rur,
1501 3478 1647 3554 declarat,
1675 3479 1795 3539 Petrum
1818 3481 1984 3543 Niclcssuu
2010 3489 2045 3547 in

437 3580 547 3656 placito
575 3592 631 3637 suo
654 3579 814 3653 justitiario
842 3577 965 3636 Palnoni
993 3576 1124 3637 lensson
1151 3578 1251 3652 militi,
1279 3578 1443 3636 marscalcn
1470 3579 1566 3651 regis,
1597 3579 1707 3636 curiam
1738 3579 1767 3636 iu
1791 3579 2047 3659 Wastarbolugh

438 3679 541 3753 sitam,
570 3676 626 3735 sibi
653 3675 803 3750 quondam
827 3676 1054 3752 impignoralam
1078 3680 1107 3734 et
1128 3682 1247 3751 postea,
1277 3691 1367 3748 quum
1390 3680 1500 3735 statuto
1522 3680 1656 3750 tempore
1679 3691 1739 3734 nou
1763 3675 1919 3753 redempta
1943 3689 2047 3760 esset,

437 3773 645 3851 adjudicatam,
668 3779 815 3832 scotasse.
838 3806 877 3816 -
900 3773 1042 3847 Rcudmu,
1064 3773 1095 3829 in
1117 3779 1219 3832 octava
1240 3779 1337 3849 apost.
1360 3772 1438 3832 Petri
1460 3777 1489 3832 et
1510 3772 1601 3832 Pauli.

732 3869 760 3919 ll.
778 3870 881 3926 liemon.
901 3870 952 3920 lien
971 3870 1065 3918 dansls
1082 3867 1210 3919 Penterats
1229 3871 1290 3919 illst.
1308 3869 1333 3919 S.
1345 3867 1467 3921 469-70.

278 4005 317 4057 12.
335 4006 403 4056 lultt.
427 4020 430 4024 ·
584 3999 689 4064 ¹2299.
733 4002 851 4062 fluenter
869 4003 1004 4078 episcopi
1021 3998 1229 4059 lioslildcnsis
1246 4000 1350 4060 littera
1369 4000 1404 4059 dc
1423 4003 1588 4061 scotatione
1603 4001 1751 4062 bonorum
1769 4005 2048 4088 patrimonialiunr,

437 4102 574 4161 uidelicet
595 4106 739 4159 terrarum
763 4114 831 4158 cum
854 4098 986 4158 aediiiciis
1009 4104 1037 4158 at
1059 4100 1246 4175 pertiuentiis
1275 4099 1305 4156 in
1333 4100 1429 4175 platea
1450 4099 1506 4158 iuri
1528 4098 1564 4157 ad
1587 4102 1731 4160 orientem
1754 4101 1884 4161 adorno
1907 4101 2049 4184 lapidea,

437 4201 468 4258 in
491 4215 549 4274 qua
570 4196 682 4256 habitat
703 4196 868 4256 Wernerus
891 4197 987 4256 dictus
1008 4195 1156 4271 Punderc,
1180 4198 1313 4271 sitarum,
1335 4197 1371 4254 ab
1394 4196 1514 4255 domiuo
1536 4197 1672 4258 iohanne
1694 4199 1799 4275 llraac,
1823 4199 1941 4260 decano
1967 4205 2049 4266 ilar.

438 4299 535 4372 nensi,
564 4295 600 4355 ad
622 4296 775 4354 dominum
799 4293 974 4354 Nichclaum
997 4293 1162 4369 Tachonis,
1190 4295 1368 4354 canonicum
1391 4293 1631 4371 Rosltildensem,
1660 4315 1694 4356 er
1716 4303 1800 4372 parte
1824 4300 1949 4373 capituli
1975 4307 2051 4380 eJus

438 4397 523 4455 iacta.
548 4429 585 4438 -
609 4394 761 4467 Roslrilclis,
784 4393 857 4451 icria
879 4397 982 4466 quarta
1003 4409 1086 4468 pror.
1110 4399 1180 4469 post
1201 4391 1277 4452 diem
1300 4393 1329 4450 b.
1352 4392 1460 4451 Kanuti
1482 4394 1561 4466 regis
1584 4399 1613 4452 et
1634 4396 1774 4454 martiris.

733 4490 851 4545 ilerdam,
869 4488 1044 4548 illebonhavns
1062 4490 1148 4539 lllrksr
1165 4503 1196 4551 og
1213 4489 1334 4546 lllostsrs,
1352 4489 1407 4538 Ttll.
1426 4489 1450 4540 S.
1465 4490 1569 4541 16-17.

231 4627 271 4678 25.
289 4626 404 4689 lugunt.
585 4621 691 4686 *23OE
735 4620 838 4682 Lunde
855 4620 961 4678 Kirles
979 4619 1149 4680 Orrrcucru
1166 4621 1302 4696 hevidne,
1325 4627 1355 4679 at
1376 4636 1412 4680 en
1430 4622 1473 4678 vis
1491 4621 1574 4694 Stiglr
1593 4623 1647 4681 har
1663 4623 1795 4682 overludt
1812 4625 2051 4702 Domprovsten

438 4723 448 4780 i
468 4722 565 4796 Laud,
588 4722 638 4780 Ην.
663 4721 746 4780 Niels
768 4720 986 4792 Absalonsaou,
1011 4719 1041 4776 til
1064 4719 1144 4791 Brug
1167 4718 1221 4777 ved
1241 4717 1501 4794 Kirlebygningcu
1525 4725 1553 4777 ct
1574 4719 1633 4778 lilla
1656 4721 1720 4779 llus
1742 4723 1796 4781 red
1819 4722 2053 4794 llirkemurens

440 4821 549 4880 sendra
572 4819 650 4879 Side.
675 4853 713 4863 -
736 4818 768 4876 ln
792 4822 881 4877 crast.
903 4817 933 4874 lu.
958 4815 1158 4875 Bartholomci
1180 4820 1276 4892 apost.
1919 4825 2053 4898 (Latin,

736 4916 790 4966 Udt.
808 4918 817 4964 1
834 4915 927 4964 arensi
945 4914 1031 4963 orara.
1050 4917 1057 4962 l
1076 4915 1188 4964 Svensira
1206 4911 1410 4962 lilla-Archiasts
1429 4911 1645 4973 Pergamentsltrel
1661 4916 1678 4964 l.
1697 4915 1752 4967 102.
