4368 5628
522 387 643 462 Kosa
670 393 765 470 Ean
787 395 962 470 Gaurus.
1499 417 1542 488 81

212 508 1545 558 Ἢ
1605 581 1692 646 raas.

213 641 239 684 r.
267 656 317 671 ·-
346 629 544 712 Boakildtr,
573 638 641 699 llll.
665 645 916 722 nonesllugusti,
938 650 1127 724 pontificatus
1149 651 1261 714 domini
1284 656 1445 718 Clementis
1467 677 1543 736 pape

212 823 462 888 lenburglselaes
482 831 668 886 urkundenb.
687 838 717 887 ll.
735 838 877 894 aot-305.

213 940 273 1004 oo,
312 930 424 990 tituli
453 935 567 994 sancti
592 934 751 998 Laurentii
776 941 805 999 in
829 942 941 1002 Lucina
962 942 1116 1019 presbyter
1137 946 1296 1008 cardinalis
1319 956 1348 1009 et
1369 951 1541 1028 apostolica
1574 957 1598 1009 2.
1621 960 1736 1022 sugunt.

212 1041 287 1103 opo
337 1033 380 1088 et
422 1035 615 1109 praeposito
650 1035 887 1100 Zacrinensibus
916 1041 1050 1117 mandat,
1082 1049 1114 1102 ut
1141 1043 1277 1104 abbatem
1304 1054 1334 1107 ct
1362 1055 1540 1110 conventum

212 1131 284 1184 tran¹
325 1134 469 1189 contra
501 1132 749 1195 molestationes
776 1139 897 1212 iniquas
929 1139 1106 1199 creditorum
1136 1147 1281 1203 tueantur.
1316 1179 1354 1192 -
1387 1148 1537 1223 ltoslrtldts,

212 1225 395 1288 stificatus
424 1229 561 1290 domini
587 1231 759 1294 Clementis
781 1251 858 1313 pape
881 1235 951 1296 tttttt
974 1253 1051 1298 anno
1074 1239 1216 1300 secundo.

212 1323 465 1398 lenburglsnbes
486 1327 668 1379 urkundenb.
687 1329 717 1380 ll.
736 1331 793 1384 305.

212 1423 240 1472 sla
260 1425 383 1476 oven.
410 1429 420 1476 l
444 1426 592 1488 llritielrlt,
611 1428 790 1492 baomlltges
808 1433 885 1482 llran.
902 1433 1037 1494 Krrrtudg.
1056 1433 1083 1483 ll.
1100 1434 1221 1488 ara—19.
1252 1435 1351 1487 brudrt
1369 1451 1401 1500 og
1418 1439 1473 1490 Urit.
1490 1454 1537 1503 pra
1571 1431 1611 1484 27·
1633 1435 1748 1497 luguen.

212 1508 240 1556 sk
261 1509 270 1556 Ι
296 1507 499 1560 Videnskab.
521 1511 609 1560 Selsb
631 1511 688 1562 Str.
708 1511 736 1561 V.
756 1513 846 1563 brello
863 1515 1000 1578 alst-phu.
1018 1515 1071 1564 aid.
1089 1515 1128 1564 lll.
1146 1515 1265 1568 ant—52.

211 1625 282 1685 roo,
318 1610 427 1670 tituli
455 1612 567 1670 sancti
589 1611 749 1672 Laurentii
773 1613 802 1672 in
825 1614 938 1674 bucina
959 1613 1111 1691 presbyter
1132 1615 1288 1676 cardinalia
1312 1623 1340 1676 et
1361 1623 1533 1695 apostolica
1567 1629 1608 1680 at.
1626 1632 1724 1694 septbr.

212 1709 319 1770 osito
360 1714 402 1769 ot
437 1710 620 1770 conventui
649 1713 828 1771 monasterii
858 1711 893 1772 de
916 1712 1039 1772 lvenach
1058 1714 1108 1788 jus
1130 1719 1302 1790 patronatus
1324 1717 1354 1775 in
1377 1719 1535 1780 ecclesiam

212 1811 314 1869 ›ecin
348 1807 555 1868 confirmat.
569 1807 758 1881 -scncse,
781 1808 857 1869 Vlll.
880 1810 1020 1870 kalendas
1040 1811 1187 1888 Octobris,
1208 1811 1401 1888 pontificatus
1423 1816 1534 1908 domini

212 1909 243 1968 ti
270 1923 387 1986 anno
418 1907 588 1968 secundo.

213 2005 459 2069 enburglscber
481 2005 660 2055 Urkuodsnb.
680 2004 709 2054 ll.
727 2005 868 2057 305-306.

212 2125 331 2184 sonas,
365 2106 476 2166 titulo
503 2105 610 2164 sancti
634 2104 789 2165 Laurentii
811 2105 841 2163 in
864 2105 1008 2165 Lucinam
1031 2106 1194 2182 presbyteri
1215 2106 1383 2184 cardinalis,
1408 2116 1531 2186 aposto·
1565 2118 1604 2172 30.
1623 2122 1720 2184 septbr.

212 2207 435 2282 sententia,
485 2220 552 2280 qua
592 2204 789 2280 pronuntiat,
824 2209 855 2262 ut
886 2202 1031 2277 lacobus,
1069 2205 1313 2281 archiepiscopus
1351 2205 1530 2286 lundensis,

212 2305 481 2381 oslsildensis,
509 2303 664 2377 magister
687 2302 797 2378 Sacer,
820 2302 998 2378 praepositus
1020 2301 1198 2378 bunnensis,
1230 2302 1370 2362 Nicotaus
1393 2305 1530 2384 Gotonis,

212 2409 282 2486 sia,
330 2405 513 2480 magister
538 2401 607 2478 Ro,
643 2401 813 2461 canonicus
836 2397 992 2477 Ripensis,
1027 2406 1056 2459 et
1077 2400 1184 2476 David,
1217 2408 1315 2460 rector
1336 2402 1470 2464 ecclesiae
1493 2406 1529 2465 de

213 2506 421 2580 diocesis,
461 2501 505 2563 ad
530 2499 627 2560 sedes
651 2504 682 2559 et
699 2501 771 2575 jura
793 2499 909 2558 restitui
930 2497 1070 2573 debcant3
1103 2500 1235 2574 assignat
1256 2498 1334 2558 diem
1356 2501 1434 2578 apud
1456 2504 1528 2562 civi·

212 2607 252 2669 ad
300 2603 507 2667 crastinam
538 2599 570 2658 b.
601 2599 687 2658 Luce
721 2597 911 2672 evangelista
938 2594 975 2654 ad
1002 2595 1164 2656 taciendam
1197 2595 1284 2656 fldem
1317 2614 1407 2675 saper
1439 2600 1528 2661 rebus

212 2717 226 2769 t
264 2705 448 2781 reginam
474 2699 578 2760 Dacia
609 2695 853 2758 excommunicat
881 2699 910 2754 et
932 2701 1037 2753 terram
1060 2710 1161 2754 eorum
1184 2696 1259 2754 intra
1279 2697 1422 2756 terminos
1444 2699 1527 2772 lega·

212 2837 214 2860 .
254 2801 492 2884 generaliter
523 2795 744 2858 ecclesiastico
772 2793 923 2869 supponit,
953 2827 990 2836 —
1017 2791 1052 2849 ln
1078 2792 1192 2852 ecclesio
1218 2793 1375 2853 cubedrcla·
1405 2800 1528 2855 civitatis

212 2901 446 2986 teptembris
474 2896 589 2958 ultima
613 2893 662 2953 die
686 2897 824 2954 exeunte.

211 3012 267 3058 toa
295 3009 330 3055 et
355 2998 556 3051 cartularlum
576 2993 731 3042 monasterti
750 2991 781 3040 tle
799 2988 877 3038 bunis
895 2989 920 3054 S.
938 2987 1073 3040 ooo-605.

212 3111 297 3181 aus)
337 3102 526 3162 Danorum
559 3094 801 3166 Sclavorumque
829 3104 878 3148 rex
912 3085 1025 3147 abbatis
1053 3093 1082 3146 et
1109 3088 1230 3147 iratrum
1257 3089 1293 3148 de
1320 3090 1523 3170 buamunde,
1558 3099 1581 3152 t.
1601 3103 1701 3157 octobr.

215 3227 261 3284 s,
313 3198 496 3275 Rigensis
522 3192 681 3266 diocesis,
716 3187 944 3264 possessionem
971 3185 1115 3244 bonorum
1144 3185 1307 3247 confirmat.
1336 3221 1375 3233 -
1405 3190 1523 3264 londo,

212 3298 459 3369 ont'ossoris.

212 3439 243 3482 e,
273 3420 380 3472 le.-,
405 3409 507 3462 laem·
527 3421 555 3456 u.
575 3401 781 3454 Curtindlrcbes
801 3397 961 3448 Urkundcnb.
979 3396 1018 3446 lll.
1035 3397 1074 3449 62.

212 3543 220 3586 s
249 3520 376 3582 miles
398 3513 516 3572 dictus
529 3503 682 3581 Thysaeslt
707 3499 844 3560 ecclesiae
867 3503 975 3558 sanctae
987 3495 1086 3556 Mariae
1099 3496 1222 3572 Ripensi
1243 3497 1280 3557 ad
1302 3515 1388 3558 usum
1411 3517 1521 3563 mensu
1557 3509 1594 3561 17.
1614 3512 1703 3566 osope,

212 3637 305 3687 mm
337 3619 379 3675 in
396 3605 600 3672 Sveusbolm
623 3603 835 3678 postmortem
853 3611 946 3672 suam,
970 3597 995 3652 si
1012 3594 1123 3670 prolem
1142 3595 1177 3654 de
1193 3612 1282 3657 uxore
1302 3615 1361 3657 non
1375 3598 1520 3678 babuerit,

212 3721 342 3799 isqeri
375 3710 529 3788 episcope·
557 3703 713 3777 Ilipoula,
746 3696 880 3773 proxima
902 3699 984 3752 serta
1008 3692 1080 3752 teria
1101 3699 1169 3768 post
1189 3694 1297 3753 testum
1326 3695 1409 3756 beate
1431 3697 1521 3759 baete

212 3925 331 3977 alneu,
359 3908 500 3966 Samllng
520 3861 721 3952 allbdlsomster
739 3906 761 3942 ο.
780 3904 800 3940 s.
819 3902 841 3940 r.
860 3878 903 3939 ior
916 3887 975 3938 lttbe
993 3887 1148 3950 bomtapitel
1167 3891 1190 3938 S.
1210 3890 1313 3941 16—17.

212 4043 250 4088 ,ο
287 4006 496 4082 cardinalis
522 4002 675 4079 episcopo
699 3991 825 4070 Ripensi
849 3988 986 4049 concedit
1007 3989 1172 4048 facultatem
1202 3989 1348 4049 relaxandi
1373 3990 1518 4053 ducentos

212 4117 384 4188 nentia,
415 4104 678 4184 quotiescunque
704 4093 734 4150 iu
751 4087 971 4168 pontificalibus
989 4088 1144 4147 missarum
1163 4088 1317 4147 sollemnia
1333 4089 1361 4145 in
1378 4089 1518 4165 predicta

212 4257 254 4270 ..
290 4217 391 4278 Sine
420 4218 524 4266 anno.

212 4349 220 4360 .
243 4321 283 4372 p,
310 4315 482 4372 Terpagcr,
504 4299 578 4362 lttpae
597 4291 734 4343 Cimbricae
753 4286 778 4335 S.
796 4283 836 4338 84.

306 4402 510 4476 cardinalis
545 4391 765 4456 archidiacono
798 4390 827 4443 et
859 4382 988 4459 capituto
1021 4381 1144 4458 Ripensi
1178 4382 1314 4442 concedit
1345 4383 1512 4446 facultatem

213 4441 311 4580 ⁰de
344 4501 521 4586 injunctis
544 4487 762 4574 poenitentiis,
791 4482 1028 4556 quotiescunque
1050 4482 1080 4540 in
1102 4480 1229 4541 ecclesia
1250 4498 1304 4542 sua
1325 4481 1444 4542 verbum
1467 4484 1512 4543 dei

212 4627 250 4686 c·
304 4619 476 4681 itemque
508 4593 638 4658 centum
667 4586 731 4645 dies
764 4583 819 4656 iis,
853 4580 903 4654 qui
930 4581 1019 4638 certis
1049 4580 1133 4641 lestis
1162 4579 1264 4640 diebus
1297 4583 1326 4638 in
1355 4581 1511 4641 ecclesiam

238 4669 253 4703 ²
375 4707 435 4768 dei
460 4718 479 4760 a
503 4703 696 4775 quocunque
719 4679 865 4741 canonico
887 4676 1024 4737 audituri.
1047 4713 1084 4722 -
1109 4679 1176 4739 Sine
1198 4695 1286 4739 anno.

212 4724 428 4873 fl‘Jrumngen
449 4802 524 4862 lltpae
544 4790 684 4846 Gimbrlcae
703 4785 728 4834 S.
746 4781 779 4834 85
796 4779 905 4842 (maeste
922 4790 947 4826 er
965 4777 1007 4826 (let
1022 4783 1047 4826 to
1065 4777 1156 4838 utera).

275 4829 492 4979 agminalis
518 4897 631 4959 decem
670 4880 823 4962 episcopis
856 4880 896 4952 tin
931 4879 1059 4956 epitome
1087 4893 1146 4936 non
1174 4877 1346 4958 nominatis)
1373 4877 1510 4938 concedit

212 4943 462 5106 sandraginta
485 5003 557 5065 dies
583 4994 622 5056 de
645 4987 784 5062 injuncta
803 4980 986 5055 poenitentia
1007 4978 1088 5050 illis.
1110 4977 1159 5050 qui
1181 4977 1216 5035 ad
1239 4979 1394 5038 ecclesiam
1417 4976 1508 5036 beatae

212 5145 220 5196 Ι
1286 5097 1315 5148 11
