4418 5618
266 1414 304 1465 14.
319 1414 434 1474 Augusti.

203 1959 205 1962 ,
293 1905 317 1955 2.
336 1903 433 1964 Septbr.
507 1963 509 1970 χ

278 2019 318 2069 29.
337 2018 434 2079 Septbr.

186 4767 187 4770 Ν
290 4704 434 4758 renem

1058 327 1163 398 Kouo
1188 327 1286 398 Eum·
1304 326 1463 398 Muuvnn.

629 592 719 655 1416,
761 593 860 641 lirndst.
878 593 886 640 l
903 591 1064 653 bagerbrlng,
1084 592 1147 641 Srea
1164 591 1238 640 lllkes
1254 591 1317 640 illst.
1335 590 1364 639 ll.
1381 589 1437 641 751.

630 706 720 769 1417,
762 705 817 755 Udt.
836 707 844 753 l
861 704 978 762 Portban,
995 705 1113 754 decessio
1130 705 1155 754 S.
1173 705 1212 756 62.

634 820 725 884 1419,
769 821 937 882 beppenberg,
956 818 1167 880 llnmburglscbes
1180 817 1384 868 Urkundenbnch
1401 817 1418 866 l.
1437 816 1573 868 tol—708.
1607 817 1768 867 Urknndenb.
1786 817 1809 866 d.
1828 817 1900 866 stadt
1912 818 2010 867 Lubecl
2025 819 2052 868 ll.

761 900 865 953 56-57.
900 900 1145 962 idellenburglsches
1162 899 1323 949 Urkundenb.
1342 898 1380 948 lll.
1399 897 1520 950 351-52.

638 1017 721 1078 *ele
765 1018 869 1076 Eolcus
897 1016 1047 1077 Dacorum
1077 1016 1288 1089 slavorumque
1316 1031 1381 1090 rex,
1411 1012 1469 1073 dna
1492 1015 1638 1090 Estonin,
1665 1014 1817 1090 privilegia
1844 1016 2054 1074 canonicorum

470 1115 606 1175 ecclesiae
628 1115 813 1174 lievnliensis
836 1113 1001 1174 confirmat.
1026 1147 1061 1158 -
1085 1111 1320 1188 Wortr'oclrborclt,
1344 1111 1531 1172 calendarum
1553 1113 1679 1185 Augusti
1703 1117 1817 1186 quarto.
1867 1147 1870 1154 ⁴

761 1212 855 1272 punge,
880 1211 957 1268 Llr.-,
974 1211 1058 1260 Estn—
1076 1224 1101 1258 u.
1120 1209 1315 1258 Curlindlsches
1332 1209 1492 1259 Urbuudenb.
1516 1208 1534 1257 l.
1551 1209 1672 1261 ese—57.
1706 1209 1807 1271 Bnnge,
1825 1209 1918 1258 Archiv
1934 1209 1950 1257 l.
1968 1208 2054 1258 Gescb.
2114 1271 2121 1286 ι

760 1292 835 1350 bir.·‚
853 1293 936 1341 Estn-
955 1292 1124 1345 debriando
1143 1293 1159 1340 l.
1178 1291 1234 1344 271.

635 1407 719 1470 *650.
762 1407 842 1468 artu
865 1409 943 1481 regis
963 1407 1133 1481 Norunogie
1156 1412 1186 1466 et
1201 1407 1319 1474 Haouuu
1342 1403 1427 1463 ducis
1445 1404 1615 1478 Noruuegie
1634 1404 1671 1463 ad
1693 1405 1840 1465 civitatem
1859 1405 2055 1469 lubicensem

470 1507 574 1566 littere
594 1506 631 1566 de
649 1521 757 1565 secura
772 1507 947 1564 accessione
964 1505 1001 1563 ad
1019 1505 1179 1564 exercitum
1198 1520 1295 1563 snum.
1311 1536 1352 1546 —
1368 1504 1453 1577 Apud
1469 1503 1643 1577 Gronemnd,
1667 1504 1696 1560 in
1718 1503 1815 1576 vigilia
1836 1503 2057 1579 assumpciouis

467 1606 552 1664 beate
575 1605 626 1662 Vir
647 1605 715 1662 inis.

626 1621 645 1676 g
761 1701 902 1756 Sertorius,
927 1699 1015 1749 Gescb.
1039 1700 1062 1747 d.
1085 1699 1168 1748 Hense
1190 1697 1227 1746 ed.
1250 1697 1411 1759 bappenberg
1434 1696 1463 1746 ll.
1486 1697 1606 1749 ret—62.
1640 1695 1802 1747 Urluudanb.
1825 1697 1848 1746 d.
1871 1699 1944 1749 stadt
1960 1699 2061 1748 Lirbeck

761 1781 777 1829 l.
796 1781 852 1832 lea.

566 1857 569 1864 Ι
629 1895 718 1958 1420,
762 1895 790 1944 0.
807 1895 915 1952 illelsen,
934 1895 1111 1954 lilobonbarno
1129 1893 1335 1955 lilplomatnrlnm
1352 1891 1370 1940 l.
1387 1863 1427 1944 31}

635 2010 720 2073 *651.
764 2011 892 2070 Guztlus
915 2010 1106 2086 prepositus,
1128 2006 1289 2082 abbatissa,
1312 2013 1452 2081 totusque
1475 2014 1639 2067 conventus
1660 2010 1930 2069 sanctimonialium
1954 2025 2059 2069 mona-

470 2110 553 2168 sterii
581 2109 661 2168 Gom
690 2109 750 2166 sire
772 2107 884 2168 Montis
911 2109 940 2165 in
963 2107 1062 2182 lluya,
1090 2105 1203 2165 ordinis
1226 2105 1458 2179 cysterciensis,
1487 2106 1622 2180 dyocesis
1651 2106 1899 2183 pausillulum,
1927 2123 2060 2166 annuum

470 2222 595 2266 censum
614 2207 684 2265 selis
702 2207 791 2264 unius
809 2206 934 2263 laetonie
952 2221 987 2264 er
999 2204 1081 2263 Sulla
1097 2201 1238 2261 iratribus
1251 2203 1424 2261 monasterii
1436 2203 1639 2276 Dargunensis
1650 2205 1791 2264 vendunt.
1805 2237 1842 2250 —
1854 2205 2062 2279 Strolessoade,

469 2305 499 2362 in
521 2303 568 2362 die
592 2306 686 2362 sancti
708 2303 881 2378 Mychaelis.

761 2399 1005 2462 llekleuburglscbes
1023 2397 1184 2448 Urlundonb.
1203 2397 1241 2446 lll.
1258 2395 1314 2448 357.

636 2514 718 2576 *652
764 2514 885 2575 Nicotlr
918 2515 994 2586 thtlt
1022 2529 1106 2590 papae
1133 2512 1213 2572 bulla
1240 2511 1276 2570 ed
1304 2512 1528 2571 sleswicensem
1557 2520 1586 2570 et
1611 2513 1856 2587 limburgensem
1884 2517 2063 2592 episcopos,

469 2631 528 2689 que
548 2616 705 2690 permittit,
733 2613 952 2672 waldemarum
981 2611 1087 2670 ducem
1110 2610 1203 2668 Datim
1226 2616 1256 2668 et
1276 2609 1422 2684 Elirnbet,
1450 2615 1549 2668 natam
1571 2611 1726 2672 lobannis
1740 2612 1825 2671 ducis
1850 2613 2004 2688 Seronioe,
2034 2616 2063 2672 in

470 2717 623 2772 contrecto
647 2712 834 2794 matrimonio
857 2711 935 2768 licite
957 2724 1120 2781 remancre,
1143 2708 1397 2780 consanguinitate
1420 2724 1480 2766 non
1504 2708 1650 2768 obstante.
1669 2743 1706 2754 -κ
1727 2710 1810 2769 Rome
1831 2713 1913 2786 opud
1934 2719 2064 2770 saeelum

469 2811 589 2868 Mortem
612 2810 755 2883 liojorem,
778 2808 817 2866 id.
841 2806 1010 2882 Novembr.,
1033 2805 1223 2882 pontificatus
1246 2808 1341 2864 nostrl
1363 2821 1441 2868 anno
1464 2805 1608 2866 secundo.

761 2906 796 2968 Ny
813 2905 940 2955 lilrlreblet.
960 2905 1099 2965 Samllnger
1116 2901 1155 2950 ΙΙΙ.
1172 2901 1293 2954 384-85.

635 3021 719 3084 ¹653.
762 3021 867 3080 Euenus
891 3037 940 3079 reu
962 3021 1114 3095 privilegia
1135 3018 1307 3079 monasterii
1330 3017 1407 3090 Petri
1429 3017 1652 3077 Nestvediensis
1675 3020 1841 3079 confirmat.

760 3118 816 3168 Udt.
834 3122 843 3167 l
860 3118 999 3179 langebek,
1018 3119 1136 3179 scriptor.
1152 3116 1326 3166 renuentem.
1346 3113 1382 3163 lv.
1397 3114 1446 3166 338
1463 3127 1493 3176 og
1512 3118 1520 3163 l
1534 3115 1694 3177 programma
1711 3117 1804 3166 schole
1817 3118 1978 3170 ilerlovlenoe
1998 3120 2066 3172 1784

762 3201 787 3250 S.
806 3200 861 3252 129.
1493 3225 1496 3238 .

1207 3414 1328 3494 1290.

636 3579 719 3643 ¹654.
763 3578 883 3644 Nrconm
920 3576 997 3649 (ΝΗ)
1035 3591 1118 3652 papae
1152 3574 1188 3633 ad
1221 3574 1387 3633 Jobannem
1423 3576 1683 3654 archiepiscopum
1716 3575 1905 3640 lundensem
1947 3582 2068 3658 littere,

471 3680 578 3755 quibus
606 3680 754 3752 indulget,
782 3682 814 3735 ut
840 3676 971 3745 fructus,
1003 3674 1134 3733 redditus
1163 3679 1193 3731 et
1217 3679 1379 3748 proventus
1408 3673 1494 3747 primi
1521 3675 1590 3733 anni
1618 3678 1749 3735 omnium
1776 3676 2010 3751 prebendarum
2040 3686 2071 3739 et
2143 3723 2145 3726 ι

468 3778 681 3839 beneficiorum
705 3775 988 3848 ecclesiasticorum,
1012 3789 1077 3846 quae
1095 3788 1148 3847 per
1168 3770 1405 3845 quinquennium
1426 3786 1530 3830 vacare
1553 3775 1719 3847 contigerit,
1742 3776 1896 3851 percipere
1915 3782 2020 3854 possit
2037 3781 2069 3837 in

470 3879 648 3938 solutionem
685 3875 849 3933 debitorum
891 3887 944 3947 per
981 3872 1046 3945 eius
1083 3868 1324 3945 predecessores
1363 3875 1391 3926 et
1428 3869 1525 3946 ipsum
1558 3875 1787 3932 contractorum.
1821 3905 1856 3915 —
1892 3875 1984 3935 Ilome
2017 3895 2068 3953 op.

466 3996 489 4036 s.
515 3977 635 4034 Mariam
658 3973 801 4047 timorem,
824 3970 891 4029 idus
913 3969 1020 4042 Martii,
1043 3968 1147 4044 pontii.
1171 3983 1249 4025 anno
1272 3967 1369 4026 tertio.

760 4068 825 4117 Anu.
844 4068 881 4116 lor
898 4065 969 4114 nord.
987 4065 1058 4114 olai.
1076 4064 1142 4117 1860
1159 4064 1183 4113 S.
1201 4064 1322 4116 99-100.

635 4185 718 4249 *655.
763 4184 906 4244 Nicotaus
944 4180 1043 4252 lthust
1082 4195 1160 4257 papa
1199 4179 1341 4246 iohanni,
1366 4181 1593 4257 archiepiscopo
1631 4182 1781 4242 bundensi
1819 4183 1996 4248 facultatem
2038 4193 2070 4248 in

468 4287 582 4376 diocesi
610 4302 665 4345 sua
693 4281 808 4342 duabus
836 4281 975 4358 personis
1003 4279 1119 4339 idoneis
1148 4277 1278 4339 cilicium
1306 4277 1464 4337 mandandi
1492 4284 1663 4360 contractus
1691 4280 1855 4354 legitimos,
1885 4292 1956 4344 acte
1981 4289 2071 4362 J’ndi-

469 4387 582 4446 ciorum
604 4386 720 4459 aliaque
742 4379 914 4456 hujusmodi
935 4376 1089 4452 redigendi
1113 4376 1260 4437 concedit.
1282 4409 1321 4419 -
1343 4376 1427 4433 Rome
1448 4379 1528 4452 opud
1548 4383 1673 4435 sanctem
1694 4379 1815 4436 Mortem
1838 4382 1994 4456 Maiorem,
2026 4388 2069 4445 id.

468 4485 575 4559 lllartii,
598 4481 788 4560 pontificatus
811 4478 906 4536 nostri
928 4491 1006 4534 anno
1029 4477 1125 4534 tertio.

761 4578 796 4638 lly
813 4575 941 4625 kirkehlst.
960 4573 1100 4635 Samllnger
1116 4571 1156 4622 lll.
1173 4572 1294 4624 aed-86.

617 4698 720 4760 *obe
764 4691 1020 4762 discursuum
1038 4705 1114 4765 papa
1130 4689 1193 4761 regi
1210 4688 1301 4748 Datin
1319 4687 1354 4746 de
1373 4688 1558 4750 ordinatione
1576 4690 1730 4767 lobannis,
1749 4694 1903 4770 prepositi
1920 4698 2070 4760 ecclesie

469 4797 688 4872 boskildensis,
711 4797 741 4854 in
764 4793 1025 4868 archiepiscopum
1047 4786 1236 4847 bundensem
1259 4787 1363 4847 scribit
1384 4789 1469 4862 eique
1492 4805 1560 4848 enm
1583 4790 1780 4850 commendat.
1803 4793 1926 4868 -'(18.
1946 4796 2071 4875 Marte.)

761 4894 795 4956 ily
813 4891 939 4940 llrlehlst.
958 4888 1099 4948 Samllnger
1116 4887 1155 4937 lll.
1172 4887 1293 4942 386-87.
1586 4885 1588 4890 ’
