4536 5620
561 459 664 532 Korre
691 462 879 534 Vennones
906 466 1095 534 Arrcoosc.
1554 470 1619 538 331

1688 629 1777 690 1361.

256 720 473 784 Consonus
503 723 680 786 Luercarsss
713 727 855 788 consules
888 727 918 784 in
947 726 1064 785 llevalia
1096 733 1217 801 rogant,
1251 732 1284 785 nt
1315 727 1445 785 decretis
1476 727 1626 785 civitatum
1662 727 1809 789 19.rtovl›r.

265 825 398 879 terren
437 820 552 880 Protiae
584 823 619 882 de
653 840 746 897 regno
775 826 872 884 Dacia
900 830 930 883 el
961 832 1038 883 terra
1066 824 1201 884 Sohanim
1234 825 1395 898 evitandis,
1428 823 1464 882 de
1497 824 1626 898 teloneo,

288 919 409 990 regis
440 918 546 978 Daciae
570 922 695 981 inmari
719 924 890 996 resistatur,
918 921 1030 996 dando,
1060 929 1089 980 et
1115 922 1151 980 de
1175 922 1295 982 loedere
1318 939 1386 981 cum
1415 938 1485 995 rege
1508 921 1625 980 Sweclae

256 1020 351 1073 ntra
400 1033 517 1090 regem
549 1017 648 1078 Daclae
681 1020 834 1096 iaciendo,
867 1020 1045 1080 adhaereant.
1076 1053 1112 1064 -
1144 1019 1175 1077 ln
1209 1020 1256 1078 die
1289 1020 1318 1078 b.
1346 1020 1499 1078 Elisabeth
1532 1018 1625 1079 vidum

256 1196 401 1256 Rauso,
429 1197 510 1254 Llr.·,
529 1197 615 1248 Estn-
634 1211 657 1247 u.
677 1200 874 1252 Curleodisches
893 1198 1052 1250 oriundam.
1072 1197 1099 1248 ll.
1113 1197 1235 1250 eol—97.
1271 1197 1455 1248 lionscrocosse
1472 1199 1490 1247 l.
1505 1197 1626 1250 192-94.

259 1297 487 1370 Accusatus,
517 1295 691 1356 Bremensis
716 1300 850 1358 ecclesie
873 1298 1134 1373 archiepiscopus,
1163 1296 1316 1374 privilegio
1338 1297 1511 1356 monasterii
1534 1297 1625 1357 Novi·
1660 1297 1699 1347 30.
1719 1297 1808 1345 oscor.

256 1399 363 1452 mat.
427 1394 512 1452 lnler
541 1400 635 1452 testes
660 1398 843 1455 nominatur:
881 1396 1037 1469 sillogister
1060 1394 1228 1454 linoronoos
1250 1393 1287 1452 de
1311 1395 1501 1470 Brunswich,
1526 1395 1626 1453 orchi·

259 1491 406 1550 ostede
437 1493 470 1550 in
491 1492 621 1551 ecclesio
639 1493 836 1569 sleswicensi,
858 1494 1052 1553 cancellarius
1069 1497 1202 1552 noster..
1219 1523 1258 1536 -
1274 1492 1384 1566 smus,
1408 1493 1435 1550 d.
1454 1492 1483 1550 b.
1504 1491 1626 1551 Androm

265 1670 493 1734 westpholsn,
513 1671 676 1721 Monumente
694 1672 722 1722 ll.
740 1671 860 1724 all-17.

271 1771 469 1832 Jousnnns
501 1770 615 1830 Baeton
647 1771 775 1844 armiger
806 1771 943 1830 dominos
976 1785 1048 1828 suos
1077 1768 1228 1826 [linricum
1261 1773 1291 1826 el
1321 1767 1477 1852 Nicolaum
1509 1771 1626 1843 iratres,
1661 1771 1683 1822 l.
1703 1771 1793 1820 Decor.

255 1889 284 1946 a,
321 1869 371 1928 ab
402 1867 557 1927 omnibus
580 1867 698 1942 debitis,
722 1870 751 1925 in
774 1869 880 1943 quibus
900 1868 954 1926 sibi
973 1867 1092 1938 obligati
1112 1872 1280 1941 teneantur,
1304 1866 1420 1925 solutos
1440 1867 1568 1925 dimittit.
1590 1900 1624 1909 -

255 1969 402 2041 schow,
431 1967 484 2025 die
507 1965 537 2024 b.
561 1965 690 2025 Barbare
714 1967 843 2040 virginis.

269 2065 464 2120 menelaos,
484 2063 769 2125 Urkundsnssmmlong
787 2064 815 2111 ll.
833 2062 889 2114 ati.

273 2167 506 2226 lunocstrros
526 2163 629 2240 (Vltus)
649 2179 725 2239 papa
739 2162 940 2222 laudationem
957 2165 985 2220 et
1000 2160 1181 2219 dotationem
1196 2159 1377 2234 capellarum
1394 2175 1411 2218 a
1426 2161 1627 2234 Waldcmaro,
1661 2164 1701 2215 31.
1720 2164 1808 2213 oscor.

255 2268 294 2324 in
323 2263 459 2322 eastris
480 2261 665 2335 Oringburg,
687 2259 878 2333 ilalingburg,
902 2257 1045 2334 Sgoburg,
1069 2259 1183 2331 Gorwe,
1207 2256 1340 2316 Korzoro
1364 2266 1393 2316 et
1412 2258 1627 2333 llopendcltaln

257 2363 421 2424 nfirmat
455 2359 616 2432 eidemque
646 2359 707 2430 regi
735 2357 881 2416 licentiam
912 2361 1050 2430 quattuor
1076 2356 1206 2430 capellos
1233 2355 1269 2413 de
1298 2372 1375 2414 noro
1403 2355 1570 2414 mdillcandi
1600 2362 1629 2414 et

259 2481 280 2523 s
315 2459 490 2532 congruis
515 2457 664 2516 concedit.
688 2489 727 2498 -
750 2457 896 2528 Actioioee,
920 2453 953 2512 ll.
978 2452 1033 2511 kal.
1057 2453 1133 2526 lon,
1156 2468 1235 2510 onoc
1258 2452 1387 2512 decimo.

279 2559 361 2611 Udt.
387 2560 396 2606 l
417 2557 457 2618 Ν]
476 2553 606 2604 llrlehlsl.
627 2553 767 2613 Somllnger
785 2552 811 2600 V.
828 2551 884 2603 850.

278 2661 507 2720 lonocnrtrlus
531 2653 634 2731 (virus)
657 2668 733 2728 papa
750 2649 887 2710 omnibus
906 2647 1034 2722 cupellas
1052 2665 1068 2706 a
1083 2647 1271 2706 Woldemoro
1295 2664 1365 2722 rege
1382 2650 1535 2708 Donorum
1553 2650 1625 2708 mdi-
1659 2655 1700 2706 31.
1719 2656 1805 2704 Decor.

257 2756 419 2821 itatibus
450 2751 643 2812 visitantibus
671 2755 700 2808 et
726 2764 779 2824 pro
808 2752 884 2806 statu
911 2762 1056 2822 prospero
1084 2745 1154 2804 dicti
1181 2747 1261 2817 regie
1292 2762 1327 2804 oo
1356 2747 1439 2820 regni
1471 2748 1626 2806 orantibus

261 2867 276 2919 t
317 2869 430 2917 unam
462 2850 686 2926 quadragenam
715 2846 750 2905 de
778 2844 959 2918 indulgentia
986 2843 1133 2903 concedit.
1159 2875 1194 2884 -
1218 2843 1375 2918 Aoiciooe,
1403 2844 1439 2902 ll.
1468 2845 1524 2904 lai.
1548 2845 1625 2920 iam,

289 3037 370 3090 Udt.
392 3035 402 3082 l
422 3032 460 3093 Ν]
479 3028 612 3079 kirkehlst.
630 3025 771 3087 Semllnger
789 3023 815 3072 V.
832 3022 952 3074 tiso-51.

286 3141 509 3200 luoocsortus
539 3125 643 3204 (tillus)
671 3140 746 3200 popo
774 3121 960 3180 Waldemero
989 3121 1050 3192 regi
1078 3120 1228 3178 Donornm
1257 3121 1414 3195 permittit,
1445 3127 1478 3180 ut
1504 3121 1626 3182 domum
1660 3128 1699 3178 31.
1718 3128 1807 3178 oscor.

272 3233 540 3318 prwdicutorum
565 3241 658 3300 prope
681 3227 811 3281 cestrum
833 3217 1047 3292 llclsingburg,
1070 3217 1190 3275 domurn
1214 3218 1335 3276 fratrum
1360 3219 1508 3278 minorum
1532 3237 1626 3298 prope

256 3342 360 3408 burg
402 3335 435 3389 et
470 3322 687 3384 monasterium
720 3334 813 3394 prope
845 3322 975 3378 castrum
1004 3305 1131 3387 lleou‘rg
1164 3316 1193 3374 io
1225 3314 1292 3372 locu
1323 3316 1423 3374 minus
1457 3317 1627 3392 periculosa

255 3439 425 3502 loinione,
451 3424 487 3484 ll.
513 3422 570 3480 lol.
594 3420 671 3488 lom,
693 3432 772 3474 anno
794 3415 920 3472 decimo.

292 3533 365 3586 udo.
390 3531 398 3576 l
418 3525 456 3586 Ν]
474 3520 607 3572 kirkehist.
626 3515 766 3575 Samllogcr
784 3512 809 3559 V.
827 3511 883 3562 851.

291 3637 508 3696 loaocasrros
537 3615 641 3694 (vitus)
669 3629 744 3689 popu
771 3611 893 3671 Nicolao
920 3609 1038 3682 lucebi,
1069 3609 1215 3666 canonico
1244 3606 1435 3665 Rosliioensi
1463 3615 1492 3666 ct
1519 3613 1624 3669 nuntio
1657 3615 1698 3667 31.
1717 3617 1804 3674 oscor.

255 3740 302 3810 si,
348 3728 393 3787 de
425 3715 591 3797 prebenda
618 3712 752 3772 ecclesie
782 3707 1002 3780 lloslrildensis,
1031 3710 1151 3764 vacante
1181 3721 1234 3780 per
1260 3706 1479 3780 promotionem
1508 3707 1622 3766 Nicolai

255 3823 446 3899 undensis,
471 3813 619 3894 providet.
645 3841 681 3854 -
704 3809 851 3878 Aoiciooe,
874 3803 910 3862 ll.
933 3804 989 3861 lul.
1011 3803 1088 3877 lom,
1111 3819 1189 3862 nono
1212 3803 1338 3862 decimo.

291 3930 362 3984 Udt.
386 3924 395 3971 l
415 3919 451 3979 Ν]
471 3912 604 3963 kirkehlot.
625 3908 764 3966 Somlingcr
782 3904 808 3951 V.
825 3901 946 3953 col—52.

292 4017 355 4076 ST.
377 4005 498 4064 Perses
517 3995 611 4054 Stans
629 3989 818 4060 iNovcorron,
835 3985 919 4042 livori
938 3982 1130 4056 bestemmcs,
1147 3987 1177 4041 ol
1190 3981 1421 4056 lljobmaendene
1441 3983 1622 4057 iNovgorod

257 4112 394 4192 viglige
420 4093 639 4162 Beslulnioger
661 4086 738 4147 udcn
762 4082 906 4155 Lithecls,
930 4079 1044 4154 Viscus,
1067 4079 1170 4156 Rigas,
1193 4080 1321 4156 Dorpots
1344 4097 1382 4154 og
1406 4080 1512 4139 lierals
1536 4083 1621 4140 sam.

253 4213 346 4286 rard·
1439 4178 1621 4254 lPlattydelt.)
1671 4167 1674 4174 ⁴

293 4303 415 4364 Brudst.
435 4297 443 4343 l
463 4293 650 4342 llanscrecesse
668 4283 685 4332 l.
702 4280 823 4334 336-37.

766 4461 895 4541 1361?
1682 4463 1782 4524 raom

297 4657 466 4725 consonas
481 4645 624 4695 crrrrlms
635 4628 851 4685 Galesswmors
864 4619 1004 4677 consules
1018 4620 1192 4678 Sundenses
1205 4621 1385 4696 supplicant,
1397 4625 1429 4678 ut
1440 4619 1619 4693 llennioglro
1655 4623 1677 4673 1.
1697 4623 1797 4674 Octolr.

393 4795 401 4825 ‚
426 4733 509 4815 qrrod
534 4730 562 4789 ei
585 4737 762 4800 responsum
786 4719 870 4790 darc,
899 4717 955 4774 nisi
978 4718 1061 4792 prius
1084 4734 1151 4775 cum
1174 4718 1239 4776 eliis
1262 4716 1428 4778 civitatibus
1450 4719 1619 4776 interlocuti

561 4827 637 4885 duce
659 4834 760 4879 eorum
784 4816 952 4888 (Barnimol,
978 4816 1040 4888 regi
1066 4816 1214 4876 Danorum
1238 4817 1390 4891 inclinato,
1416 4815 1560 4875 scribunt.
1579 4849 1619 4858 -
