4532 5588
652 401 980 476 Mnnnnuanosnruo.
1541 415 1610 484 241

222 675 341 721 oneo
381 667 417 723 et
436 663 655 739 jurisdictione
679 667 709 724 in
732 666 874 726 nundinis
896 670 925 726 in
945 669 1080 730 Skansor
1101 676 1130 728 ct
1151 669 1364 730 Felsterbodbe
1387 670 1612 731 Lnbecensibus
1673 571 1762 636 1836·

251 767 405 820 castro
426 762 586 838 Stoicoim,
609 764 684 823 ieris
706 765 841 824 secunda
862 767 938 826 inire
960 773 1093 826 coucam
1114 766 1143 824 b.
1166 767 1324 828 Laurencii
1345 770 1485 828 martiris.

231 859 482 921 marquardus,
510 861 547 909 be
571 862 630 919 inre
651 867 822 910 mercatorum
843 863 982 925 singulari.
1010 864 1112 913 {iocum
1134 865 1159 914 S.
1177 863 1300 918 att-48.
1345 864 1406 927 otpl.
1429 866 1548 924 svaran,
1574 867 1612 916 ed.

233 939 278 989 B.
310 941 356 990 Ε.
389 941 552 991 fliidobrsnd
575 943 613 992 ΙΙ.
636 941 759 996 blo-lt.
799 944 960 995 urkundenb.
985 945 1008 993 d.
1031 946 1102 996 stadt
1123 946 1225 996 Lbbeck
1245 946 1274 998 11.
1296 945 1418 1000 bel-es.
1457 947 1540 998 Densi
1558 947 1612 997 Udt.

235 1026 248 1072 Ι
270 1023 434 1073 Tidsskr.
450 1025 502 1074 Nor
521 1024 563 1082 iii,
576 1023 601 1076 3.
616 1024 641 1072 S.
651 1024 693 1076 24.
729 1025 856 1076 Gitaterns
872 1027 920 1076 red
934 1028 973 1076 itt.
988 1026 1053 1079 2140
1069 1027 1096 1076 ai
1106 1025 1272 1078 wilinbrnndt
1285 1041 1316 1090 og
1333 1028 1414 1089 brinlg
1426 1029 1489 1078 baro
1504 1029 1611 1087 bernam

236 1107 413 1156 Brevene
432 1119 477 1156 ore
496 1119 543 1167 pan
561 1107 642 1168 begge
659 1107 756 1168 stodor,
773 1107 879 1170 ltgesnm
897 1109 943 1158 bes
961 1109 1134 1171 menardus,
1152 1111 1256 1172 urtgtigt
1274 1109 1398 1160 daterode.

240 1205 433 1280 Maerens,
459 1206 590 1281 Suecim,
615 1205 768 1280 Norvcgiae
791 1213 821 1267 et
838 1207 951 1267 Scanise
973 1224 1034 1284 rex,
1057 1208 1198 1285 scabinis,
1221 1209 1362 1285 proiecto
1386 1215 1416 1268 et
1436 1210 1612 1270 consulibus
1646 1211 1685 1262 18.
1702 1212 1819 1271 sususti-

222 1321 418 1380 tmquam
443 1306 549 1364 omnia
571 1304 727 1381 privilegia
748 1305 785 1363 iis
807 1321 956 1366 concesse
976 1311 1173 1381 revocaverat,
1200 1312 1300 1366 tamen
1321 1306 1359 1365 ed
1380 1322 1486 1383 preces
1509 1324 1611 1368 eorum

222 1405 257 1464 ‚b
300 1405 465 1478 antiquo
493 1402 700 1466 nundinorum
728 1408 862 1480 tempore
890 1404 998 1464 bebere
1026 1411 1243 1464 consueverant
1270 1407 1300 1464 in
1329 1405 1480 1482 Sionem,
1513 1405 1612 1468 denuo

222 1503 336 1579 ulie,
373 1502 540 1562 dominica
561 1502 641 1560 inira
662 1506 797 1560 octauam
819 1504 1040 1577 asstunpcionis
1061 1502 1091 1561 b.
1115 1501 1254 1576 Virginis.

247 1601 346 1666 Dipl.
375 1599 504 1658 Svecan,
522 1597 562 1648 ed.
581 1598 608 1647 B.
622 1598 650 1650 u.
664 1597 818 1648 Hudsbrnnd
834 1599 872 1649 lv.
889 1599 946 1652 519.
980 1599 1140 1662 btptomstar.
1157 1600 1261 1662 Nomog.
1278 1600 1306 1653 V.
1324 1599 1364 1653 98.
1398 1601 1454 1651 um
1472 1606 1480 1650 Ι
1499 1602 1613 1664 Regtster

247 1697 324 1735 van
352 1683 494 1732 Charters
512 1693 545 1731 sn
565 1681 721 1730 boschetdsn
738 1683 765 1730 in
782 1680 826 1731 bet
842 1681 908 1731 onds
924 1680 1026 1730 archisi
1040 1693 1088 1730 van
1106 1680 1218 1743 iismpsn
1235 1681 1253 1731 Ι.
1270 1681 1311 1734 24.

251 1785 471 1844 Nrcrronsus
495 1779 639 1856 Kromna,
669 1781 771 1856 miles,
799 1780 928 1856 Entsrrr,
956 1780 1059 1840 relicta
1085 1779 1196 1839 domini
1224 1779 1292 1840 itari
1317 1780 1511 1859 Paetberswn,
1540 1783 1614 1843 Stis
1646 1783 1819 1846 2⁴·A118111i1·

222 1881 481 1956 iamolmosa,
510 1880 658 1954 armiger,
686 1883 716 1940 et
738 1878 902 1939 Nrcnotnus
924 1880 1042 1938 bassus
1064 1878 1101 1938 de
1122 1877 1269 1954 AEiiaryd,
1297 1877 1462 1940 coheredes
1484 1880 1612 1941 domine

222 2001 260 2044 ,ω
294 1980 443 2042 domini
467 1978 549 2038 Petri
572 1977 736 2038 Niciessun
758 1976 795 2036 de
816 1976 962 2052 AEiiaryd,
984 1975 1063 2036 bona
1084 1976 1174 2052 bujm
1197 1976 1360 2038 Scenensia
1380 1978 1411 2036 in
1433 1977 1613 2054 Bareheret,

223 2089 238 2141 t
261 2083 305 2141 in
322 2078 594 2138 Vetiandzbaeret
611 2079 690 2136 inter
707 2093 740 2135 se
759 2075 902 2135 dividunt.
917 2107 953 2117 —
968 2075 1086 2150 lundis,
1105 2076 1135 2134 in
1152 2073 1200 2133 die
1217 2073 1247 2133 b.
1261 2074 1462 2136 bartholomei
1473 2077 1612 2154 apostoli.

247 2177 348 2242 Dtpl.
374 2177 503 2234 Sancum,
521 2174 561 2224 sd.
580 2174 607 2222 B.
622 2174 650 2223 ii.
665 2172 818 2224 iiiidebrnnd
834 2171 871 2221 lt.
889 2171 1011 2224 seo-21.

263 2280 472 2340 Sucuwtnus
507 2274 648 2348 Rrssrns,
682 2274 857 2350 capitaneus
890 2271 1066 2346 Haltandiae,
1101 2270 1233 2332 Kssnrns
1267 2273 1468 2347 bmwrcusm,
1504 2273 1613 2336 Pronus
1648 2275 1686 2325 15.
1705 2275 1803 2336 septbr.

222 2395 314 2441 rnus
338 2377 475 2438 Posses
495 2380 526 2432 et
544 2372 658 2432 ceruus
677 2372 824 2430 sinum
841 2376 1074 2447 recognoscunt,
1097 2386 1130 2430 se
1152 2387 1220 2431 cum
1237 2369 1442 2447 Tytbemanno
1460 2371 1613 2430 Gustrowe

222 2479 282 2555 tn,
321 2475 460 2536 nuntiis
490 2471 621 2532 civitatis
643 2469 841 2546 Lybecensis,
869 2468 1089 2546 placitationem
1117 2469 1153 2528 de
1176 2467 1337 2528 inimicitiis
1359 2474 1417 2528 tam
1439 2484 1493 2544 pro
1515 2469 1613 2528 homi·

222 2575 364 2638 tssordh
404 2588 500 2647 quam
531 2570 598 2628 aliis
629 2567 804 2627 excessibus
831 2567 978 2628 hactenus
1008 2568 1179 2628 commissis
1202 2566 1342 2627 sedandis
1364 2582 1461 2642 neque
1484 2583 1613 2641 [inquom

222 2673 407 2736 vocandis
428 2671 556 2730 iecisse.
572 2701 606 2710 —
622 2667 658 2724 Io
668 2671 761 2723 castro
774 2665 974 2741 Foilceoberpb,
995 2667 1024 2724 in
1037 2667 1166 2726 crastino
1179 2665 1370 2725 exaltacionis
1383 2671 1485 2725 sancte
1498 2665 1613 2724 Crucis.

266 2773 351 2836 Dtpl.
372 2769 500 2826 Svecan,
519 2765 558 2816 eri.
577 2765 604 2814 Β.
618 2763 645 2814 Ε.
660 2761 813 2812 Eiidebrand
831 2761 867 2810 ΙΙ.
882 2761 1003 2814 oet-25.
1037 2762 1199 2814 Urknndenb.
1214 2762 1237 2812 rb
1252 2763 1324 2813 suut
1336 2763 1437 2812 Liboni
1450 2762 1478 2811 il.
1491 2761 1612 2814 beo-ee.

268 2875 477 2934 Tususorns
506 2867 660 2925 iosnsson
689 2863 725 2923 dc
753 2862 907 2922 niwerstet
932 2863 1067 2923 ecclesia
1088 2861 1244 2922 Aluarslei
1271 2879 1325 2940 pro
1353 2861 1475 2938 debitis,
1504 2859 1613 2936 quibus
1646 2865 1686 2917 21.
1705 2867 1803 2927 septbr.

222 2980 352 3050 gatus,
389 2968 513 3030 curiam
543 2979 630 3024 susm
657 2963 688 3020 in
710 2960 956 3020 Thisrssabrunae
985 2961 1072 3019 sitam
1100 2968 1197 3022 scotst
1225 2966 1254 3022 et
1280 2962 1422 3036 assignat.
1447 2991 1484 3002 -
1507 2959 1561 3018 Dic
1583 2957 1612 3018 b.
1738 2959 1740 2964 ’

222 3073 353 3216 ’hospi
376 3151 505 3205 svam,
523 3143 563 3196 ee.
582 3138 946 3192 murmuraremus.

275 3254 483 3322 ¹⁸⁰¹⁸U80182
519 3244 645 3305 dudm
678 3241 807 3313 Sueciae,
843 3237 1001 3299 Hailendiae
1039 3246 1069 3299 et
1100 3239 1222 3317 Samso,
1260 3240 1442 3299 monasterio
1476 3253 1613 3298 sororum
1647 3241 1670 3292 9Δ
1689 3242 1788 3292 cernor.

222 3349 417 3415 >skiidensi
458 3343 624 3406 ecclesiam
656 3339 830 3414 ‘iouethorp
863 3335 1071 3397 boskildensis
1104 3337 1235 3398 diocesis
1270 3337 1406 3416 deputat,
1446 3335 1613 3396 iohannem

222 3453 463 3513 firmationem
478 3457 603 3518 rogans·
617 3471 657 3482 ·-
669 3436 829 3512 Syoburob,
847 3438 876 3494 in
895 3437 940 3495 die
959 3436 988 3495 b.
1005 3439 1160 3496 martirum
1171 3435 1305 3512 Dyonisii
1322 3442 1352 3496 et
1368 3437 1519 3495 sociorum
1537 3435 1612 3510 eius.

278 3550 356 3614 ntpt.
377 3549 504 3602 esocen..
522 3539 563 3591 ed.
582 3539 609 3588 Β.
622 3537 650 3587 Ε.
665 3533 818 3586 illidebrnnd
833 3533 872 3583 iv.
888 3533 945 3586 526,

222 3697 227 3712 .
278 3648 431 3721 Prosus,
461 3640 717 3717 archiepiscopus
739 3632 923 3708 bunnensis,
952 3649 1056 3694 omnes
1082 3634 1213 3694 nefarios
1235 3633 1388 3706 homines,
1413 3630 1614 3707 jurisdictioni
1647 3632 1686 3689 ta.
1704 3631 1804 3684 mmor.

222 3751 312 3812 ensis
340 3745 527 3821 subjectos,
551 3740 602 3812 qui
626 3734 786 3795 ecclesiam
804 3732 859 3793 Dei
875 3731 1073 3807 coninndunt,
1097 3735 1147 3806 qui
1165 3735 1233 3806 jura
1255 3737 1285 3790 οι
1306 3731 1456 3790 libertate,
1478 3726 1612 3787 00010513

222 3866 250 3910 ta
280 3850 359 3925 ojus
395 3839 553 3918 spoliant,
588 3836 685 3908 legem
715 3832 842 3891 divinam
872 3837 901 3889 et
929 3831 1087 3890 humanam
1115 3836 1302 3906 pervertunt,
1336 3830 1504 3903 quicunqne
1532 3827 1612 3897 sunt,
1642 3875 1647 3886 ,

222 3963 330 4025 peres,
358 3940 491 4004 nobiles
516 3941 546 3996 et
568 3933 741 4010 populares,
766 3929 1015 3990 excommunicat.
1041 3960 1077 3971 -
1100 3927 1221 4001 conoe,
1245 3927 1368 3986 sabbato
1390 3927 1523 4001 proximo
1545 3926 1612 3978 anto

222 4049 241 4106 ti
265 4061 353 4123 pape
381 4047 418 4102 et
442 4036 589 4097 martiris.

282 4143 356 4208 Dipl.
378 4141 506 4192 succan..
526 4132 565 4184 ed.
584 4122 1014 4180 s.u.n11ueorant1v.526-3o.
1403 4201 1409 4214 ι
1567 4197 1573 4211 ι
1676 4179 1679 4189 ι

222 4251 235 4287 ¹.
283 4227 465 4298 torrueris,
485 4218 652 4294 episcopus
671 4207 890 4282 boskildensis,
908 4205 945 4264 nd
961 4205 1118 4264 instantias
1138 4205 1324 4280 ingeburgis,
1342 4202 1470 4262 ducissa
1488 4198 1611 4270 Suessa,
1646 4200 1668 4249 1.
1687 4199 1778 4248 Novus.

231 4329 370 4403 Samso,
400 4317 571 4380 ecclesiam
593 4311 766 4384 Tonsthorp
795 4303 976 4390 monasterio
1000 4321 1026 4362 s.
1050 4303 1172 4376 Agnetis
1196 4301 1387 4362 boskildensi
1412 4297 1550 4356 annectit.
1575 4326 1610 4336 -

222 4428 264 4492 tie
289 4425 443 4486 omniurn
468 4417 662 4474 Sanctorum.

289 4523 360 4588 Dtpi.
382 4523 510 4572 svecnn„
529 4509 568 4560 oti.
588 4507 611 4555 u
627 4507 655 4556 ii.
669 4498 820 4553 Hildebrand
837 4499 875 4546 iv.
893 4497 1015 4550 533-34,

222 4608 244 4672 Ι.
292 4609 377 4668 Grev
406 4604 551 4662 Gssnsnn
575 4591 607 4650 ai
627 4587 750 4647 Holsten
775 4599 813 4655 og
835 4581 911 4638 hans
935 4581 1005 4655 San,
1028 4579 1275 4654 subseruntur,
1298 4575 1434 4653 tiisijode
1457 4571 1617 4633 flr.1)itlei
1649 4571 1686 4623 te.
1706 4575 1795 4623 novor.

222 4721 338 4784 raynen
375 4707 430 4765 sor
458 4692 547 4759 3000
574 4687 672 4759 indige
701 4683 782 4742 biart
812 4677 1039 4751 Hagbenscbow
1069 4676 1136 4738 med
1165 4678 1247 4738 Gods
1274 4693 1330 4755 pas
1356 4673 1512 4749 Hyigonoes
1540 4685 1578 4743 og
1605 4669 1615 4725 i

222 4805 283 4866 iere
305 4805 396 4866 Gods
423 4801 432 4857 i
455 4786 633 4856 Rodelnndt
655 4799 693 4856 og
710 4774 918 4848 lemesbodo,
941 4773 1029 4849 Fyns,
1051 4775 1194 4835 Gerskow
1217 4793 1255 4850 og
1275 4766 1557 4844 Fedbersbolgnard.
1576 4797 1615 4810 -·-

223 4951 232 4964 .
255 4905 384 4967 Martini
412 4881 569 4976 episcopi.

293 5003 352 5054 Uet
371 5007 380 5053 t
400 4990 648 5048 vodel-Simonem,
666 4976 743 5028 sami.
761 4977 779 5021 t.
798 4970 950 5055 tingenskor
961 4969 1029 5019 siots
1046 4969 1109 5022 illst
1127 4969 1152 5018 S.
1168 4970 1347 5033 17—180vn.
1365 4964 1582 5028 Toytiellsiisten).

224 5121 277 5170 .ii.
294 5123 351 5172 Ser.
372 5120 390 5170 Ι.
1389 5080 1421 5134 31
