4536 5620
274 1138 315 1189 24.
333 1139 409 1188 lunll.

274 1351 315 1402 27.
333 1351 409 1401 luull.

448 357 516 426 338
977 354 1080 426 Kouo
1107 355 1295 426 Vauocrrsn
1322 359 1499 428 ,trossulis

1646 491 2035 506 ——-—-—=n———-u-—

590 613 696 676 *eloe
741 614 878 675 Hsrsurru
900 618 1017 692 wirae,
1041 619 1145 678 lorben
1171 620 1284 692 berger
1306 621 1314 678 i
1339 620 1485 691 llostorlr,
1509 621 1652 679 leitterer·
1668 620 1809 680 lluadetd
1834 622 1965 682 Rostoclr
1990 626 2038 684 lor

443 711 628 786 Modtegelse
654 713 687 772 al
706 714 775 772 Sold
804 716 850 774 lor
870 715 1009 790 Tjeueste
1036 717 1046 774 i
1068 717 1176 788 llrigeo
1206 717 1274 777 mod
1298 717 1382 790 lloug
1406 716 1560 777 valdemar
1588 720 1619 777 al
1638 717 1802 792 Denmarl3
1832 720 1892 793 dog
1920 722 2038 781 minder

444 810 503 870 ben
524 809 573 870 det
595 827 644 870 om
666 811 732 872 dots
756 811 949 886 Forpligtelse
976 813 1008 870 til
1037 820 1066 872 at
1093 814 1198 874 udlose
1227 815 1294 874 bom
1321 815 1353 873 al
1372 815 1446 874 bans
1469 815 1673 888 Fongeosleb.
1697 849 1736 860 -
1757 816 1887 893 nonne,
1911 819 2036 896 sabbato

442 913 514 984 post
536 909 593 967 Viti
614 909 753 968 martiris.
1919 916 2037 994 (botin.)

739 1006 885 1068 Brndstylrlr.
904 1021 934 1068 og
952 1008 1007 1058 lldt.
1026 1011 1033 1056 l
1051 1009 1123 1072 tydsk
1141 1012 1227 1059 overs.
1245 1013 1254 1059 l
1270 1009 1453 1062 flansereceese
1470 1009 1488 1058 l.
1505 1009 1627 1064 aer-68.

602 1136 694 1198 2512,
739 1137 919 1188 Haesereresse
937 1137 954 1186 Ι.
971 1139 1093 1190 eea-38.
1129 1139 1276 1202 Brodstyll.
1294 1143 1302 1189 l
1321 1141 1413 1202 bunne,
1432 1141 1507 1196 blr.·,
1525 1141 1608 1191 liotb-
1622 1153 1647 1189 n.
1661 1139 1856 1192 Gurltndlssbes
1869 1143 2033 1194 lirknudsnb.

738 1218 767 1268 ll.
786 1218 906 1270 709-10.

590 1348 695 1410 *also
739 1349 855 1408 Litterae
879 1351 983 1411 Uestru
1006 1351 1073 1429 (vu)
1099 1369 1183 1429 pape
1210 1351 1246 1410 ad
1270 1350 1490 1413 Woldernerum
1520 1369 1618 1427 regem
1641 1353 1739 1412 Daciae
1766 1353 1803 1414 ds
1826 1357 1942 1416 decima
1962 1375 2036 1433 pro·

444 1453 584 1505 ventuum
602 1447 874 1507 ecclesiasticorum
893 1451 957 1524 ejus
974 1452 1058 1523 regui
1078 1467 1132 1526 pro
1149 1450 1360 1526 supportandis
1378 1447 1519 1510 onedbus
1536 1450 1605 1509 belli
1622 1453 1757 1512 ecclesia
1775 1471 1841 1512 curn
1859 1453 2036 1522 Bernabone

445 1544 482 1603 de
505 1544 752 1617 vicecomitibus,
783 1548 845 1604 cire
867 1547 1100 1623 Mediolanensi,
1127 1551 1204 1621 gesti
1227 1565 1321 1623 usque
1345 1548 1380 1607 ad
1409 1554 1469 1607 tres
1492 1565 1590 1608 annos
1612 1551 1800 1626 imponenda.
1824 1583 1862 1596 -
1885 1553 2036 1628 noeoeane,

445 1643 480 1700 V.
503 1643 560 1700 kal.
583 1642 663 1718 tulii,
686 1643 877 1720 pontificatus
900 1646 995 1703 nostri
1017 1661 1095 1703 anno
1118 1646 1225 1719 primo.

740 1738 900 1801 lilplomstar.
918 1741 1021 1803 Norrsg.
1040 1742 1078 1790 Vl.
1095 1741 1152 1794 300.

497 1945 500 1952 Ι
591 1869 697 1934 ’24ὃὶ
739 1871 861 1936 Nrcotur
885 1873 977 1933 Wons
999 1874 1101 1932 famuli
1123 1876 1284 1948 quittancia
1305 1874 1479 1936 consulibus
1509 1875 1538 1934 io
1562 1849 1712 1937 llozstoch
1741 1878 1809 1936 data
1833 1894 1888 1956 pro
1916 1880 2037 1941 sallario

444 1970 473 2026 in
496 1969 574 2027 bello
597 1986 666 2028 curn
689 1969 893 2047 waldemaro,
922 1971 1072 2031 llanorurn
1096 1989 1181 2048 rege,
1211 1972 1368 2032 deservite.
1392 2007 1430 2016 —
1452 1973 1600 2050 Itoartocb,
1629 1976 1658 2032 in
1680 1975 1727 2034 die
1749 1983 1854 2036 octavo
1876 1978 2037 2040 natiuitatis

444 2066 472 2126 b.
496 2067 642 2128 lobannis
663 2067 803 2145 baptiste.

739 2165 922 2216 densereeesse
939 2166 956 2214 l.
973 2165 1030 2218 268.

592 2293 696 2358 ·2468.
739 2295 857 2358 littere
874 2314 1017 2363 consutus
1034 2315 1181 2362 rrrvrrtruu
1193 2300 1439 2377 flassesrrcsnurr,
1457 2303 1533 2360 inter
1545 2319 1620 2378 quos
1633 2302 1668 2362 de
1681 2302 1837 2362 Gotlandia
1847 2303 2040 2364 Hermaonus

444 2395 562 2456 Yborob
591 2400 620 2452 et
648 2394 823 2456 tambcrtus
851 2396 886 2454 de
914 2395 1082 2473 blunstere,
1112 2398 1220 2473 quibus
1248 2398 1414 2475 declarant,
1443 2397 1593 2475 priuilegia
1621 2395 1805 2460 llan'seaticis
1832 2417 1850 2460 a
1876 2401 2039 2476 Flumingis

443 2492 511 2551 data
528 2493 704 2552 consulibus
723 2493 759 2551 de
777 2493 882 2567 l'ruoia
900 2495 1006 2553 tradite
1022 2511 1099 2554 esse.
1114 2527 1151 2537 —
1165 2495 1282 2570 Ledeia,
1303 2497 1452 2557 dominica
1468 2505 1537 2573 post
1555 2506 1673 2558 notares
1691 2515 1715 2558 s.
1734 2498 1879 2558 lobannis
1897 2499 2039 2574 baptiste.

740 2590 904 2642 Urlnndenb.
921 2591 945 2642 d.
963 2591 1035 2644 Studt
1051 2592 1152 2644 babuci
1169 2593 1209 2642 lll.
1226 2592 1349 2646 496-97.
1383 2595 1566 2644 flnnccrccem
1582 2595 1600 2644 l.
1617 2594 1740 2648 238-39.

591 2723 696 2786 ’2469.
740 2724 935 2793 Musonianus
958 2725 1084 2789 seorsus
1112 2725 1209 2786 dictus
1235 2725 1271 2784 de
1293 2727 1417 2802 llurrsn,
1446 2726 1615 2786 bunosruus
1638 2728 1805 2802 scutulum,
1832 2727 1951 2801 milites,
1980 2745 2040 2787 neo

444 2838 504 2882 ooo
521 2822 693 2884 bocoirone
710 2822 890 2896 Beroeaeus,
913 2823 986 2882 alins
1003 2826 1174 2887 nominatos
1192 2823 1228 2882 de
1246 2824 1413 2900 Scotusam,
1435 2823 1574 2898 tumulus,
1597 2830 2039 2886 executorestestamentorum

442 2919 623 2997 lllarquerdi,
648 2920 798 2996 liodolpbi
821 2926 850 2979 et
871 2921 1015 2980 llardwici
1036 2922 1194 2992 Schinlell,
1219 2923 1354 2981 ecclesie
1373 2923 1558 2981 sleswicensi
1582 2938 1635 2997 pro
1659 2929 1800 2998 perpetua
1822 2924 1928 2986 uicaria
1949 2925 1978 2982 in
2003 2941 2041 2984 ea

444 3019 581 3084 bebenda
592 3024 686 3081 terres
699 3018 841 3093 quasdam
860 3021 889 3080 in
907 3020 974 3080 villa
986 3019 1199 3094 Warleborgen
1218 3022 1246 3078 in
1260 3020 1401 3095 parocbia
1414 3022 1554 3096 Gottorpe
1572 3019 1685 3081 dotant.
1704 3051 1742 3064 -
1760 3021 1813 3078 ute
1831 3022 1859 3080 b.
1872 3022 2039 3095 Margarete

443 3116 565 3188 virginis
587 3121 616 3174 et
638 3118 775 3176 martiris.

739 3215 868 3271 Stemma,
883 3214 1034 3264 Gescblcbtc
1046 3215 1069 3263 d.
1084 3214 1244 3263 ddentllcbsn
1262 3229 1284 3262 o.
1299 3214 1487 3267 Privat·llerbts
1500 3215 1523 3264 d.
1534 3215 1714 3274 llerrogtbums
1724 3215 1860 3277 Sableswlg
1875 3215 1914 3264 lll.
1928 3216 2036 3268 etr-22.

593 3315 696 3406 etto.
741 3346 971 3422 srmcnsuooru,
993 3347 1090 3421 miles,
1113 3346 1280 3405 morensis
1299 3352 1375 3405 terra
1393 3346 1540 3420 Lelandie,
1564 3348 1764 3422 recognoscit,
1778 3321 1819 3406 ¹se
1836 3347 2039 3408 Hennilinurn
2085 3389 2089 3396 -

448 3442 628 3518 Vogbetpro
646 3449 714 3502 octo
729 3443 836 3503 marcis
854 3449 883 3500 et
900 3443 1029 3520 dimidia,
1049 3446 1154 3520 partim
1172 3445 1289 3520 solutis,
1307 3446 1412 3520 purtim
1431 3444 1591 3518 soluendis,
1611 3461 1626 3502 e
1644 3447 1810 3520 captivitate
1822 3444 1982 3504 dimisisse.
1999 3479 2040 3492 —

404 3543 406 3548 ’
448 3539 552 3604 l'ercio
573 3541 647 3598 laria
667 3547 734 3600 ente
757 3542 866 3600 testum
890 3542 918 3600 b.
942 3542 1032 3603 blarie
1054 3541 1241 3616 Magdaleoe.

290 3775 414 3827 tetulo.

740 3637 902 3724 Urlundsub.
922 3639 945 3687 d.
964 3638 1036 3690 suda
1051 3638 1154 3688 bobert
1170 3639 1208 3688 tv.
1225 3638 1267 3690 89.

595 3769 698 3832 *etit
741 3769 926 3845 Bsururuus,
955 3771 1116 3847 episcopus
1138 3769 1331 3843 Lubieensis,
1360 3770 1524 3829 lobnnoem
1553 3770 1589 3829 ds
1612 3771 1694 3828 Helle
1721 3767 1879 3847 (rectorem
1903 3772 2039 3834 ecclesia

448 3866 556 3943 Borby)
579 3874 699 3944 propter
721 3869 944 3951 corruptionem
967 3868 1145 3941 litterarum,
1168 3869 1355 3927 violationem
1380 3868 1524 3943 privilegii
1547 3868 1721 3928 bubioensis
1744 3868 1779 3927 de
1800 3881 1862 3931 neb
1886 3870 2041 3930 evocando

378 4024 383 4033 ,
448 3970 477 4024 et
499 3967 705 4025 contumeliam
735 3969 766 4025 in
798 3966 939 4026 consules
967 3967 1148 4039 relegatione
1176 3972 1319 4041 perpetua
1346 3983 1361 4024 e
1385 3965 1502 4025 lobeke
1524 3965 1712 4036 condemnat.
1737 4000 1781 4048 *.
1798 3965 1832 4026 lo
1850 3967 1921 4028 aulo
1942 3975 2043 4028 reostro

378 4132 381 4153 ‚
446 4063 602 4138 episcopati
620 4065 777 4140 budicensi,
801 4065 962 4123 indictione
984 4065 1089 4140 prima,
1111 4065 1184 4123 ierln
1207 4070 1310 4138 qrrarta
1331 4070 1401 4140 post
1422 4065 1530 4124 testum
1553 4063 1710 4124 diuisionis
1727 4065 1950 4142 Apostolorum,
1973 4083 2043 4141 quse

326 4246 329 4254 Ι
448 4164 503 4221 luit
525 4162 659 4222 decimus
681 4162 727 4221 lll.
751 4162 815 4221 dies
838 4163 950 4222 mensis
973 4162 1051 4221 lulli.

288 4397 329 4449 25.
346 4397 415 4447 Jnlll.
489 4463 494 4474 .

258 4529 280 4580 6.
299 4530 413 4591 bugasti.

740 4260 902 4310 llrtnndsnb.
921 4260 944 4309 d.
962 4259 1032 4310 stadt
1050 4259 1151 4309 Lrlbeek
1167 4258 1206 4308 lll.
1224 4258 1361 4311 500-603.

608 4391 698 4456 2513,
743 4391 925 4442 llsoserecesse
942 4391 959 4440 l.
976 4390 1098 4446 240-44.

596 4522 699 4585 ‘2472
744 4524 874 4585 Usssrus
897 4522 986 4599 (vaus)
1010 4497 1090 4599 papa
1107 4523 1273 4583 Gnidonem
1297 4523 1333 4580 de
1351 4523 1458 4596 cruce,
1482 4525 1633 4580 rectorem
1651 4521 1786 4580 ecclesia
1809 4537 1835 4582 s.
1855 4522 1979 4582 Andreae
2003 4525 2045 4588 de

450 4625 581 4682 llxcesiis
614 4622 821 4698 lllirapicensis
854 4622 1000 4697 diocesis,
1039 4621 1119 4681 sedis
1152 4622 1323 4698 apostolicus
1348 4622 1491 4679 *nuntium
1525 4625 1612 4693 alque
1632 4620 1834 4680 'collectorem
1867 4622 1896 4679 in
1929 4620 2045 4704 Daciae,

450 4723 567 4784 Suerlae
597 4727 626 4780 st
653 4721 814 4794 Noruegiae
849 4722 948 4793 regnis
981 4727 1062 4779 creat
1094 4737 1160 4780 cunr
1194 4725 1340 4796 potestate
1370 4716 1604 4778 subcollootores
1631 4717 1802 4794 deputandi.
1825 4721 2046 4802 -·Aor'm'orcc,

450 4821 522 4880 Vlll.
548 4819 614 4878 idus
636 4820 773 4893 Augusti,
795 4818 987 4895 pontificatus
1009 4819 1103 4878 nostri
1125 4833 1204 4888 suno
1226 4819 1332 4893 primo.

742 4916 902 4980 lilplometar.
921 4917 1024 4978 Nosses.
1043 4915 1082 4964 lll.
1100 4915 1225 4974 asa-om
1243 4914 1274 4963 lv
1299 4913 1356 4968 eet.
